%YAML 1.1
%TAG !u! tag:unity3d.com,2011:
--- !u!1 &8804913023493108059
GameObject:
  m_ObjectHideFlags: 0
  m_CorrespondingSourceObject: {fileID: 0}
  m_PrefabInstance: {fileID: 0}
  m_PrefabAsset: {fileID: 0}
  serializedVersion: 6
  m_Component:
  - component: {fileID: 8804913023492839763}
  - component: {fileID: 8804913023496331077}
  - component: {fileID: 8804913023495297245}
  - component: {fileID: 8804913023499488379}
  m_Layer: 0
  m_Name: Fence
  m_TagString: Untagged
  m_Icon: {fileID: 0}
  m_NavMeshLayer: 0
  m_StaticEditorFlags: 0
  m_IsActive: 1
--- !u!4 &8804913023492839763
Transform:
  m_ObjectHideFlags: 0
  m_CorrespondingSourceObject: {fileID: 0}
  m_PrefabInstance: {fileID: 0}
  m_PrefabAsset: {fileID: 0}
  m_GameObject: {fileID: 8804913023493108059}
  m_LocalRotation: {x: 0, y: 0, z: 0, w: 1}
  m_LocalPosition: {x: -113.48999, y: 1.1053482, z: -80.006294}
  m_LocalScale: {x: 1, y: 1, z: 1}
  m_Children:
  - {fileID: 8804913023917501355}
  - {fileID: 8804913023702638377}
  - {fileID: 8804913023392458946}
  - {fileID: 8804913024778248721}
  - {fileID: 8804913024628101176}
  - {fileID: 8804913023512977542}
  - {fileID: 8804913024030825552}
  - {fileID: 8804913023171344387}
  - {fileID: 8804913023517126903}
  - {fileID: 8804913024409518635}
  - {fileID: 8804913023614196969}
  - {fileID: 8804913024137561736}
  - {fileID: 8804913024837689423}
  m_Father: {fileID: 0}
  m_RootOrder: 0
  m_LocalEulerAnglesHint: {x: 0, y: 0, z: 0}
--- !u!33 &8804913023496331077
MeshFilter:
  m_ObjectHideFlags: 0
  m_CorrespondingSourceObject: {fileID: 0}
  m_PrefabInstance: {fileID: 0}
  m_PrefabAsset: {fileID: 0}
  m_GameObject: {fileID: 8804913023493108059}
  m_Mesh: {fileID: 4300002, guid: 4db333cb1209a4f4c85f384713443527, type: 3}
--- !u!23 &8804913023495297245
MeshRenderer:
  m_ObjectHideFlags: 0
  m_CorrespondingSourceObject: {fileID: 0}
  m_PrefabInstance: {fileID: 0}
  m_PrefabAsset: {fileID: 0}
  m_GameObject: {fileID: 8804913023493108059}
  m_Enabled: 1
  m_CastShadows: 1
  m_ReceiveShadows: 1
  m_DynamicOccludee: 1
  m_MotionVectors: 1
  m_LightProbeUsage: 1
  m_ReflectionProbeUsage: 1
  m_RayTracingMode: 2
  m_RenderingLayerMask: 1
  m_RendererPriority: 0
  m_Materials:
  - {fileID: 2100000, guid: ba8b09b7383bf3f46ad1e52fff79a1b8, type: 2}
  m_StaticBatchInfo:
    firstSubMesh: 0
    subMeshCount: 0
  m_StaticBatchRoot: {fileID: 0}
  m_ProbeAnchor: {fileID: 0}
  m_LightProbeVolumeOverride: {fileID: 0}
  m_ScaleInLightmap: 1
  m_ReceiveGI: 1
  m_PreserveUVs: 0
  m_IgnoreNormalsForChartDetection: 0
  m_ImportantGI: 0
  m_StitchLightmapSeams: 1
  m_SelectedEditorRenderState: 3
  m_MinimumChartSize: 4
  m_AutoUVMaxDistance: 0.5
  m_AutoUVMaxAngle: 89
  m_LightmapParameters: {fileID: 0}
  m_SortingLayerID: 0
  m_SortingLayer: 0
  m_SortingOrder: 0
--- !u!65 &8804913023499488379
BoxCollider:
  m_ObjectHideFlags: 0
  m_CorrespondingSourceObject: {fileID: 0}
  m_PrefabInstance: {fileID: 0}
  m_PrefabAsset: {fileID: 0}
  m_GameObject: {fileID: 8804913023493108059}
  m_Material: {fileID: 0}
  m_IsTrigger: 0
  m_Enabled: 1
  serializedVersion: 2
  m_Size: {x: 8.2951975, y: 2.1500006, z: 0.50000024}
  m_Center: {x: 0.0009827614, y: 0.019652009, z: 0.0000016465783}
--- !u!1001 &8804913023170953421
PrefabInstance:
  m_ObjectHideFlags: 0
  serializedVersion: 2
  m_Modification:
    m_TransformParent: {fileID: 8804913023492839763}
    m_Modifications:
    - target: {fileID: 151750, guid: fce5c18c663f0b44a8dc8b2b46497671, type: 3}
      propertyPath: m_Name
      value: Fence_2H (2)
      objectReference: {fileID: 0}
    - target: {fileID: 424142, guid: fce5c18c663f0b44a8dc8b2b46497671, type: 3}
      propertyPath: m_RootOrder
      value: 7
      objectReference: {fileID: 0}
    - target: {fileID: 424142, guid: fce5c18c663f0b44a8dc8b2b46497671, type: 3}
      propertyPath: m_LocalPosition.x
      value: 15.519989
      objectReference: {fileID: 0}
    - target: {fileID: 424142, guid: fce5c18c663f0b44a8dc8b2b46497671, type: 3}
      propertyPath: m_LocalPosition.y
      value: 0
      objectReference: {fileID: 0}
    - target: {fileID: 424142, guid: fce5c18c663f0b44a8dc8b2b46497671, type: 3}
      propertyPath: m_LocalPosition.z
      value: 0
      objectReference: {fileID: 0}
    - target: {fileID: 424142, guid: fce5c18c663f0b44a8dc8b2b46497671, type: 3}
      propertyPath: m_LocalRotation.w
      value: 1
      objectReference: {fileID: 0}
    - target: {fileID: 424142, guid: fce5c18c663f0b44a8dc8b2b46497671, type: 3}
      propertyPath: m_LocalRotation.x
      value: -0
      objectReference: {fileID: 0}
    - target: {fileID: 424142, guid: fce5c18c663f0b44a8dc8b2b46497671, type: 3}
      propertyPath: m_LocalRotation.y
      value: -0
      objectReference: {fileID: 0}
    - target: {fileID: 424142, guid: fce5c18c663f0b44a8dc8b2b46497671, type: 3}
      propertyPath: m_LocalRotation.z
      value: -0
      objectReference: {fileID: 0}
    - target: {fileID: 424142, guid: fce5c18c663f0b44a8dc8b2b46497671, type: 3}
      propertyPath: m_LocalEulerAnglesHint.x
      value: 0
      objectReference: {fileID: 0}
    - target: {fileID: 424142, guid: fce5c18c663f0b44a8dc8b2b46497671, type: 3}
      propertyPath: m_LocalEulerAnglesHint.y
      value: 0
      objectReference: {fileID: 0}
    - target: {fileID: 424142, guid: fce5c18c663f0b44a8dc8b2b46497671, type: 3}
      propertyPath: m_LocalEulerAnglesHint.z
      value: 0
      objectReference: {fileID: 0}
    m_RemovedComponents: []
  m_SourcePrefab: {fileID: 100100000, guid: fce5c18c663f0b44a8dc8b2b46497671, type: 3}
--- !u!4 &8804913023171344387 stripped
Transform:
  m_CorrespondingSourceObject: {fileID: 424142, guid: fce5c18c663f0b44a8dc8b2b46497671,
    type: 3}
  m_PrefabInstance: {fileID: 8804913023170953421}
  m_PrefabAsset: {fileID: 0}
--- !u!1001 &8804913023392388514
PrefabInstance:
  m_ObjectHideFlags: 0
  serializedVersion: 2
  m_Modification:
    m_TransformParent: {fileID: 8804913023492839763}
    m_Modifications:
    - target: {fileID: 136426, guid: 64020f3741286a144a21adb38c26c5b7, type: 3}
      propertyPath: m_Name
      value: Fence_1E
      objectReference: {fileID: 0}
    - target: {fileID: 474464, guid: 64020f3741286a144a21adb38c26c5b7, type: 3}
      propertyPath: m_RootOrder
      value: 2
      objectReference: {fileID: 0}
    - target: {fileID: 474464, guid: 64020f3741286a144a21adb38c26c5b7, type: 3}
      propertyPath: m_LocalPosition.x
      value: 19.440987
      objectReference: {fileID: 0}
    - target: {fileID: 474464, guid: 64020f3741286a144a21adb38c26c5b7, type: 3}
      propertyPath: m_LocalPosition.y
      value: -0.05703783
      objectReference: {fileID: 0}
    - target: {fileID: 474464, guid: 64020f3741286a144a21adb38c26c5b7, type: 3}
      propertyPath: m_LocalPosition.z
      value: 9.084297
      objectReference: {fileID: 0}
    - target: {fileID: 474464, guid: 64020f3741286a144a21adb38c26c5b7, type: 3}
      propertyPath: m_LocalRotation.w
      value: 0.6950594
      objectReference: {fileID: 0}
    - target: {fileID: 474464, guid: 64020f3741286a144a21adb38c26c5b7, type: 3}
      propertyPath: m_LocalRotation.x
      value: -0
      objectReference: {fileID: 0}
    - target: {fileID: 474464, guid: 64020f3741286a144a21adb38c26c5b7, type: 3}
      propertyPath: m_LocalRotation.y
      value: 0.71895236
      objectReference: {fileID: 0}
    - target: {fileID: 474464, guid: 64020f3741286a144a21adb38c26c5b7, type: 3}
      propertyPath: m_LocalRotation.z
      value: -0
      objectReference: {fileID: 0}
    - target: {fileID: 474464, guid: 64020f3741286a144a21adb38c26c5b7, type: 3}
      propertyPath: m_LocalEulerAnglesHint.x
      value: 0
      objectReference: {fileID: 0}
    - target: {fileID: 474464, guid: 64020f3741286a144a21adb38c26c5b7, type: 3}
      propertyPath: m_LocalEulerAnglesHint.y
      value: 91.936005
      objectReference: {fileID: 0}
    - target: {fileID: 474464, guid: 64020f3741286a144a21adb38c26c5b7, type: 3}
      propertyPath: m_LocalEulerAnglesHint.z
      value: 0
      objectReference: {fileID: 0}
    m_RemovedComponents: []
  m_SourcePrefab: {fileID: 100100000, guid: 64020f3741286a144a21adb38c26c5b7, type: 3}
--- !u!4 &8804913023392458946 stripped
Transform:
  m_CorrespondingSourceObject: {fileID: 474464, guid: 64020f3741286a144a21adb38c26c5b7,
    type: 3}
  m_PrefabInstance: {fileID: 8804913023392388514}
  m_PrefabAsset: {fileID: 0}
--- !u!1001 &8804913023513115142
PrefabInstance:
  m_ObjectHideFlags: 0
  serializedVersion: 2
  m_Modification:
    m_TransformParent: {fileID: 8804913023492839763}
    m_Modifications:
    - target: {fileID: 100000, guid: ba6c1d8ab9e557a41ae865390e50e1a4, type: 3}
      propertyPath: m_Name
      value: Tomb03_c (1)
      objectReference: {fileID: 0}
    - target: {fileID: 400000, guid: ba6c1d8ab9e557a41ae865390e50e1a4, type: 3}
      propertyPath: m_RootOrder
      value: 5
      objectReference: {fileID: 0}
    - target: {fileID: 400000, guid: ba6c1d8ab9e557a41ae865390e50e1a4, type: 3}
      propertyPath: m_LocalPosition.x
      value: 20.033043
      objectReference: {fileID: 0}
    - target: {fileID: 400000, guid: ba6c1d8ab9e557a41ae865390e50e1a4, type: 3}
      propertyPath: m_LocalPosition.y
      value: -1.0553471
      objectReference: {fileID: 0}
    - target: {fileID: 400000, guid: ba6c1d8ab9e557a41ae865390e50e1a4, type: 3}
      propertyPath: m_LocalPosition.z
      value: 19.715164
      objectReference: {fileID: 0}
    - target: {fileID: 400000, guid: ba6c1d8ab9e557a41ae865390e50e1a4, type: 3}
      propertyPath: m_LocalRotation.w
      value: 0.7071068
      objectReference: {fileID: 0}
    - target: {fileID: 400000, guid: ba6c1d8ab9e557a41ae865390e50e1a4, type: 3}
      propertyPath: m_LocalRotation.x
      value: -0.7071068
      objectReference: {fileID: 0}
    - target: {fileID: 400000, guid: ba6c1d8ab9e557a41ae865390e50e1a4, type: 3}
      propertyPath: m_LocalRotation.y
      value: -0
      objectReference: {fileID: 0}
    - target: {fileID: 400000, guid: ba6c1d8ab9e557a41ae865390e50e1a4, type: 3}
      propertyPath: m_LocalRotation.z
      value: -0
      objectReference: {fileID: 0}
    - target: {fileID: 400000, guid: ba6c1d8ab9e557a41ae865390e50e1a4, type: 3}
      propertyPath: m_LocalEulerAnglesHint.x
      value: 0
      objectReference: {fileID: 0}
    - target: {fileID: 400000, guid: ba6c1d8ab9e557a41ae865390e50e1a4, type: 3}
      propertyPath: m_LocalEulerAnglesHint.y
      value: 0
      objectReference: {fileID: 0}
    - target: {fileID: 400000, guid: ba6c1d8ab9e557a41ae865390e50e1a4, type: 3}
      propertyPath: m_LocalEulerAnglesHint.z
      value: 0
      objectReference: {fileID: 0}
    m_RemovedComponents: []
  m_SourcePrefab: {fileID: 100100000, guid: ba6c1d8ab9e557a41ae865390e50e1a4, type: 3}
--- !u!4 &8804913023512977542 stripped
Transform:
  m_CorrespondingSourceObject: {fileID: 400000, guid: ba6c1d8ab9e557a41ae865390e50e1a4,
    type: 3}
  m_PrefabInstance: {fileID: 8804913023513115142}
  m_PrefabAsset: {fileID: 0}
--- !u!1001 &8804913023517231161
PrefabInstance:
  m_ObjectHideFlags: 0
  serializedVersion: 2
  m_Modification:
    m_TransformParent: {fileID: 8804913023492839763}
    m_Modifications:
    - target: {fileID: 151750, guid: fce5c18c663f0b44a8dc8b2b46497671, type: 3}
      propertyPath: m_Name
      value: Fence_2H (3)
      objectReference: {fileID: 0}
    - target: {fileID: 424142, guid: fce5c18c663f0b44a8dc8b2b46497671, type: 3}
      propertyPath: m_RootOrder
      value: 8
      objectReference: {fileID: 0}
    - target: {fileID: 424142, guid: fce5c18c663f0b44a8dc8b2b46497671, type: 3}
      propertyPath: m_LocalPosition.x
      value: 0
      objectReference: {fileID: 0}
    - target: {fileID: 424142, guid: fce5c18c663f0b44a8dc8b2b46497671, type: 3}
      propertyPath: m_LocalPosition.y
      value: 0
      objectReference: {fileID: 0}
    - target: {fileID: 424142, guid: fce5c18c663f0b44a8dc8b2b46497671, type: 3}
      propertyPath: m_LocalPosition.z
      value: 30.026295
      objectReference: {fileID: 0}
    - target: {fileID: 424142, guid: fce5c18c663f0b44a8dc8b2b46497671, type: 3}
      propertyPath: m_LocalRotation.w
      value: 1
      objectReference: {fileID: 0}
    - target: {fileID: 424142, guid: fce5c18c663f0b44a8dc8b2b46497671, type: 3}
      propertyPath: m_LocalRotation.x
      value: -0
      objectReference: {fileID: 0}
    - target: {fileID: 424142, guid: fce5c18c663f0b44a8dc8b2b46497671, type: 3}
      propertyPath: m_LocalRotation.y
      value: -0
      objectReference: {fileID: 0}
    - target: {fileID: 424142, guid: fce5c18c663f0b44a8dc8b2b46497671, type: 3}
      propertyPath: m_LocalRotation.z
      value: -0
      objectReference: {fileID: 0}
    - target: {fileID: 424142, guid: fce5c18c663f0b44a8dc8b2b46497671, type: 3}
      propertyPath: m_LocalEulerAnglesHint.x
      value: 0
      objectReference: {fileID: 0}
    - target: {fileID: 424142, guid: fce5c18c663f0b44a8dc8b2b46497671, type: 3}
      propertyPath: m_LocalEulerAnglesHint.y
      value: 0
      objectReference: {fileID: 0}
    - target: {fileID: 424142, guid: fce5c18c663f0b44a8dc8b2b46497671, type: 3}
      propertyPath: m_LocalEulerAnglesHint.z
      value: 0
      objectReference: {fileID: 0}
    m_RemovedComponents: []
  m_SourcePrefab: {fileID: 100100000, guid: fce5c18c663f0b44a8dc8b2b46497671, type: 3}
--- !u!4 &8804913023517126903 stripped
Transform:
  m_CorrespondingSourceObject: {fileID: 424142, guid: fce5c18c663f0b44a8dc8b2b46497671,
    type: 3}
  m_PrefabInstance: {fileID: 8804913023517231161}
  m_PrefabAsset: {fileID: 0}
--- !u!1001 &8804913023614084135
PrefabInstance:
  m_ObjectHideFlags: 0
  serializedVersion: 2
  m_Modification:
    m_TransformParent: {fileID: 8804913023492839763}
    m_Modifications:
    - target: {fileID: 151750, guid: fce5c18c663f0b44a8dc8b2b46497671, type: 3}
      propertyPath: m_Name
      value: Fence_2H (5)
      objectReference: {fileID: 0}
    - target: {fileID: 424142, guid: fce5c18c663f0b44a8dc8b2b46497671, type: 3}
      propertyPath: m_RootOrder
      value: 10
      objectReference: {fileID: 0}
    - target: {fileID: 424142, guid: fce5c18c663f0b44a8dc8b2b46497671, type: 3}
      propertyPath: m_LocalPosition.x
      value: 15.519989
      objectReference: {fileID: 0}
    - target: {fileID: 424142, guid: fce5c18c663f0b44a8dc8b2b46497671, type: 3}
      propertyPath: m_LocalPosition.y
      value: 0
      objectReference: {fileID: 0}
    - target: {fileID: 424142, guid: fce5c18c663f0b44a8dc8b2b46497671, type: 3}
      propertyPath: m_LocalPosition.z
      value: 30.026295
      objectReference: {fileID: 0}
    - target: {fileID: 424142, guid: fce5c18c663f0b44a8dc8b2b46497671, type: 3}
      propertyPath: m_LocalRotation.w
      value: 1
      objectReference: {fileID: 0}
    - target: {fileID: 424142, guid: fce5c18c663f0b44a8dc8b2b46497671, type: 3}
      propertyPath: m_LocalRotation.x
      value: -0
      objectReference: {fileID: 0}
    - target: {fileID: 424142, guid: fce5c18c663f0b44a8dc8b2b46497671, type: 3}
      propertyPath: m_LocalRotation.y
      value: -0
      objectReference: {fileID: 0}
    - target: {fileID: 424142, guid: fce5c18c663f0b44a8dc8b2b46497671, type: 3}
      propertyPath: m_LocalRotation.z
      value: -0
      objectReference: {fileID: 0}
    - target: {fileID: 424142, guid: fce5c18c663f0b44a8dc8b2b46497671, type: 3}
      propertyPath: m_LocalEulerAnglesHint.x
      value: 0
      objectReference: {fileID: 0}
    - target: {fileID: 424142, guid: fce5c18c663f0b44a8dc8b2b46497671, type: 3}
      propertyPath: m_LocalEulerAnglesHint.y
      value: 0
      objectReference: {fileID: 0}
    - target: {fileID: 424142, guid: fce5c18c663f0b44a8dc8b2b46497671, type: 3}
      propertyPath: m_LocalEulerAnglesHint.z
      value: 0
      objectReference: {fileID: 0}
    m_RemovedComponents: []
  m_SourcePrefab: {fileID: 100100000, guid: fce5c18c663f0b44a8dc8b2b46497671, type: 3}
--- !u!4 &8804913023614196969 stripped
Transform:
  m_CorrespondingSourceObject: {fileID: 424142, guid: fce5c18c663f0b44a8dc8b2b46497671,
    type: 3}
  m_PrefabInstance: {fileID: 8804913023614084135}
  m_PrefabAsset: {fileID: 0}
--- !u!1001 &8804913023703024411
PrefabInstance:
  m_ObjectHideFlags: 0
  serializedVersion: 2
  m_Modification:
    m_TransformParent: {fileID: 8804913023492839763}
    m_Modifications:
    - target: {fileID: 173996, guid: c063ade97e93ab347a5d3b83f7127651, type: 3}
      propertyPath: m_Name
      value: Fence_Gate_2_L
      objectReference: {fileID: 0}
    - target: {fileID: 400434, guid: c063ade97e93ab347a5d3b83f7127651, type: 3}
      propertyPath: m_RootOrder
      value: 1
      objectReference: {fileID: 0}
    - target: {fileID: 400434, guid: c063ade97e93ab347a5d3b83f7127651, type: 3}
      propertyPath: m_LocalPosition.x
      value: 19.634987
      objectReference: {fileID: 0}
    - target: {fileID: 400434, guid: c063ade97e93ab347a5d3b83f7127651, type: 3}
      propertyPath: m_LocalPosition.y
      value: 0.016655922
      objectReference: {fileID: 0}
    - target: {fileID: 400434, guid: c063ade97e93ab347a5d3b83f7127651, type: 3}
      propertyPath: m_LocalPosition.z
      value: 10.816292
      objectReference: {fileID: 0}
    - target: {fileID: 400434, guid: c063ade97e93ab347a5d3b83f7127651, type: 3}
      propertyPath: m_LocalRotation.w
      value: 1
      objectReference: {fileID: 0}
    - target: {fileID: 400434, guid: c063ade97e93ab347a5d3b83f7127651, type: 3}
      propertyPath: m_LocalRotation.x
      value: -0
      objectReference: {fileID: 0}
    - target: {fileID: 400434, guid: c063ade97e93ab347a5d3b83f7127651, type: 3}
      propertyPath: m_LocalRotation.y
      value: -0
      objectReference: {fileID: 0}
    - target: {fileID: 400434, guid: c063ade97e93ab347a5d3b83f7127651, type: 3}
      propertyPath: m_LocalRotation.z
      value: -0
      objectReference: {fileID: 0}
    - target: {fileID: 400434, guid: c063ade97e93ab347a5d3b83f7127651, type: 3}
      propertyPath: m_LocalEulerAnglesHint.x
      value: 0
      objectReference: {fileID: 0}
    - target: {fileID: 400434, guid: c063ade97e93ab347a5d3b83f7127651, type: 3}
      propertyPath: m_LocalEulerAnglesHint.y
      value: 0
      objectReference: {fileID: 0}
    - target: {fileID: 400434, guid: c063ade97e93ab347a5d3b83f7127651, type: 3}
      propertyPath: m_LocalEulerAnglesHint.z
      value: 0
      objectReference: {fileID: 0}
    m_RemovedComponents: []
  m_SourcePrefab: {fileID: 100100000, guid: c063ade97e93ab347a5d3b83f7127651, type: 3}
--- !u!4 &8804913023702638377 stripped
Transform:
  m_CorrespondingSourceObject: {fileID: 400434, guid: c063ade97e93ab347a5d3b83f7127651,
    type: 3}
  m_PrefabInstance: {fileID: 8804913023703024411}
  m_PrefabAsset: {fileID: 0}
--- !u!1001 &8804913023917897625
PrefabInstance:
  m_ObjectHideFlags: 0
  serializedVersion: 2
  m_Modification:
    m_TransformParent: {fileID: 8804913023492839763}
    m_Modifications:
    - target: {fileID: 173996, guid: c063ade97e93ab347a5d3b83f7127651, type: 3}
      propertyPath: m_Name
      value: Fence_Gate_2_L (1)
      objectReference: {fileID: 0}
    - target: {fileID: 400434, guid: c063ade97e93ab347a5d3b83f7127651, type: 3}
      propertyPath: m_RootOrder
      value: 0
      objectReference: {fileID: 0}
    - target: {fileID: 400434, guid: c063ade97e93ab347a5d3b83f7127651, type: 3}
      propertyPath: m_LocalPosition.x
      value: 19.40747
      objectReference: {fileID: 0}
    - target: {fileID: 400434, guid: c063ade97e93ab347a5d3b83f7127651, type: 3}
      propertyPath: m_LocalPosition.y
      value: 0.016655922
      objectReference: {fileID: 0}
    - target: {fileID: 400434, guid: c063ade97e93ab347a5d3b83f7127651, type: 3}
      propertyPath: m_LocalPosition.z
      value: 19.262295
      objectReference: {fileID: 0}
    - target: {fileID: 400434, guid: c063ade97e93ab347a5d3b83f7127651, type: 3}
      propertyPath: m_LocalRotation.w
      value: 1
      objectReference: {fileID: 0}
    - target: {fileID: 400434, guid: c063ade97e93ab347a5d3b83f7127651, type: 3}
      propertyPath: m_LocalRotation.x
      value: -0
      objectReference: {fileID: 0}
    - target: {fileID: 400434, guid: c063ade97e93ab347a5d3b83f7127651, type: 3}
      propertyPath: m_LocalRotation.y
      value: -0
      objectReference: {fileID: 0}
    - target: {fileID: 400434, guid: c063ade97e93ab347a5d3b83f7127651, type: 3}
      propertyPath: m_LocalRotation.z
      value: -0
      objectReference: {fileID: 0}
    - target: {fileID: 400434, guid: c063ade97e93ab347a5d3b83f7127651, type: 3}
      propertyPath: m_LocalEulerAnglesHint.x
      value: 0
      objectReference: {fileID: 0}
    - target: {fileID: 400434, guid: c063ade97e93ab347a5d3b83f7127651, type: 3}
      propertyPath: m_LocalEulerAnglesHint.y
      value: 0
      objectReference: {fileID: 0}
    - target: {fileID: 400434, guid: c063ade97e93ab347a5d3b83f7127651, type: 3}
      propertyPath: m_LocalEulerAnglesHint.z
      value: 0
      objectReference: {fileID: 0}
    m_RemovedComponents: []
  m_SourcePrefab: {fileID: 100100000, guid: c063ade97e93ab347a5d3b83f7127651, type: 3}
--- !u!4 &8804913023917501355 stripped
Transform:
  m_CorrespondingSourceObject: {fileID: 400434, guid: c063ade97e93ab347a5d3b83f7127651,
    type: 3}
  m_PrefabInstance: {fileID: 8804913023917897625}
  m_PrefabAsset: {fileID: 0}
--- !u!1001 &8804913024031204510
PrefabInstance:
  m_ObjectHideFlags: 0
  serializedVersion: 2
  m_Modification:
    m_TransformParent: {fileID: 8804913023492839763}
    m_Modifications:
    - target: {fileID: 151750, guid: fce5c18c663f0b44a8dc8b2b46497671, type: 3}
      propertyPath: m_Name
      value: Fence_2H (1)
      objectReference: {fileID: 0}
    - target: {fileID: 424142, guid: fce5c18c663f0b44a8dc8b2b46497671, type: 3}
      propertyPath: m_RootOrder
      value: 6
      objectReference: {fileID: 0}
    - target: {fileID: 424142, guid: fce5c18c663f0b44a8dc8b2b46497671, type: 3}
      propertyPath: m_LocalPosition.x
      value: 7.769989
      objectReference: {fileID: 0}
    - target: {fileID: 424142, guid: fce5c18c663f0b44a8dc8b2b46497671, type: 3}
      propertyPath: m_LocalPosition.y
      value: 0
      objectReference: {fileID: 0}
    - target: {fileID: 424142, guid: fce5c18c663f0b44a8dc8b2b46497671, type: 3}
      propertyPath: m_LocalPosition.z
      value: 0
      objectReference: {fileID: 0}
    - target: {fileID: 424142, guid: fce5c18c663f0b44a8dc8b2b46497671, type: 3}
      propertyPath: m_LocalRotation.w
      value: 1
      objectReference: {fileID: 0}
    - target: {fileID: 424142, guid: fce5c18c663f0b44a8dc8b2b46497671, type: 3}
      propertyPath: m_LocalRotation.x
      value: -0
      objectReference: {fileID: 0}
    - target: {fileID: 424142, guid: fce5c18c663f0b44a8dc8b2b46497671, type: 3}
      propertyPath: m_LocalRotation.y
      value: -0
      objectReference: {fileID: 0}
    - target: {fileID: 424142, guid: fce5c18c663f0b44a8dc8b2b46497671, type: 3}
      propertyPath: m_LocalRotation.z
      value: -0
      objectReference: {fileID: 0}
    - target: {fileID: 424142, guid: fce5c18c663f0b44a8dc8b2b46497671, type: 3}
      propertyPath: m_LocalEulerAnglesHint.x
      value: 0
      objectReference: {fileID: 0}
    - target: {fileID: 424142, guid: fce5c18c663f0b44a8dc8b2b46497671, type: 3}
      propertyPath: m_LocalEulerAnglesHint.y
      value: 0
      objectReference: {fileID: 0}
    - target: {fileID: 424142, guid: fce5c18c663f0b44a8dc8b2b46497671, type: 3}
      propertyPath: m_LocalEulerAnglesHint.z
      value: 0
      objectReference: {fileID: 0}
    m_RemovedComponents: []
  m_SourcePrefab: {fileID: 100100000, guid: fce5c18c663f0b44a8dc8b2b46497671, type: 3}
--- !u!4 &8804913024030825552 stripped
Transform:
  m_CorrespondingSourceObject: {fileID: 424142, guid: fce5c18c663f0b44a8dc8b2b46497671,
    type: 3}
  m_PrefabInstance: {fileID: 8804913024031204510}
  m_PrefabAsset: {fileID: 0}
--- !u!1001 &8804913024137199174
PrefabInstance:
  m_ObjectHideFlags: 0
  serializedVersion: 2
  m_Modification:
    m_TransformParent: {fileID: 8804913023492839763}
    m_Modifications:
    - target: {fileID: 151750, guid: fce5c18c663f0b44a8dc8b2b46497671, type: 3}
      propertyPath: m_Name
      value: Fence_2H (7)
      objectReference: {fileID: 0}
    - target: {fileID: 424142, guid: fce5c18c663f0b44a8dc8b2b46497671, type: 3}
      propertyPath: m_RootOrder
      value: 11
      objectReference: {fileID: 0}
    - target: {fileID: 424142, guid: fce5c18c663f0b44a8dc8b2b46497671, type: 3}
      propertyPath: m_LocalPosition.x
      value: 19.41999
      objectReference: {fileID: 0}
    - target: {fileID: 424142, guid: fce5c18c663f0b44a8dc8b2b46497671, type: 3}
      propertyPath: m_LocalPosition.y
      value: 0
      objectReference: {fileID: 0}
    - target: {fileID: 424142, guid: fce5c18c663f0b44a8dc8b2b46497671, type: 3}
      propertyPath: m_LocalPosition.z
      value: 26.123295
      objectReference: {fileID: 0}
    - target: {fileID: 424142, guid: fce5c18c663f0b44a8dc8b2b46497671, type: 3}
      propertyPath: m_LocalRotation.w
      value: 0.70738107
      objectReference: {fileID: 0}
    - target: {fileID: 424142, guid: fce5c18c663f0b44a8dc8b2b46497671, type: 3}
      propertyPath: m_LocalRotation.x
      value: -0
      objectReference: {fileID: 0}
    - target: {fileID: 424142, guid: fce5c18c663f0b44a8dc8b2b46497671, type: 3}
      propertyPath: m_LocalRotation.y
      value: 0.70683247
      objectReference: {fileID: 0}
    - target: {fileID: 424142, guid: fce5c18c663f0b44a8dc8b2b46497671, type: 3}
      propertyPath: m_LocalRotation.z
      value: -0
      objectReference: {fileID: 0}
    - target: {fileID: 424142, guid: fce5c18c663f0b44a8dc8b2b46497671, type: 3}
      propertyPath: m_LocalEulerAnglesHint.x
      value: 0
      objectReference: {fileID: 0}
    - target: {fileID: 424142, guid: fce5c18c663f0b44a8dc8b2b46497671, type: 3}
      propertyPath: m_LocalEulerAnglesHint.y
      value: 89.956
      objectReference: {fileID: 0}
    - target: {fileID: 424142, guid: fce5c18c663f0b44a8dc8b2b46497671, type: 3}
      propertyPath: m_LocalEulerAnglesHint.z
      value: 0
      objectReference: {fileID: 0}
    m_RemovedComponents: []
  m_SourcePrefab: {fileID: 100100000, guid: fce5c18c663f0b44a8dc8b2b46497671, type: 3}
--- !u!4 &8804913024137561736 stripped
Transform:
  m_CorrespondingSourceObject: {fileID: 424142, guid: fce5c18c663f0b44a8dc8b2b46497671,
    type: 3}
  m_PrefabInstance: {fileID: 8804913024137199174}
  m_PrefabAsset: {fileID: 0}
--- !u!1001 &8804913024409647845
PrefabInstance:
  m_ObjectHideFlags: 0
  serializedVersion: 2
  m_Modification:
    m_TransformParent: {fileID: 8804913023492839763}
    m_Modifications:
    - target: {fileID: 151750, guid: fce5c18c663f0b44a8dc8b2b46497671, type: 3}
      propertyPath: m_Name
      value: Fence_2H (4)
      objectReference: {fileID: 0}
    - target: {fileID: 424142, guid: fce5c18c663f0b44a8dc8b2b46497671, type: 3}
      propertyPath: m_RootOrder
      value: 9
      objectReference: {fileID: 0}
    - target: {fileID: 424142, guid: fce5c18c663f0b44a8dc8b2b46497671, type: 3}
      propertyPath: m_LocalPosition.x
      value: 7.769989
      objectReference: {fileID: 0}
    - target: {fileID: 424142, guid: fce5c18c663f0b44a8dc8b2b46497671, type: 3}
      propertyPath: m_LocalPosition.y
      value: 0
      objectReference: {fileID: 0}
    - target: {fileID: 424142, guid: fce5c18c663f0b44a8dc8b2b46497671, type: 3}
      propertyPath: m_LocalPosition.z
      value: 30.026295
      objectReference: {fileID: 0}
    - target: {fileID: 424142, guid: fce5c18c663f0b44a8dc8b2b46497671, type: 3}
      propertyPath: m_LocalRotation.w
      value: 1
      objectReference: {fileID: 0}
    - target: {fileID: 424142, guid: fce5c18c663f0b44a8dc8b2b46497671, type: 3}
      propertyPath: m_LocalRotation.x
      value: -0
      objectReference: {fileID: 0}
    - target: {fileID: 424142, guid: fce5c18c663f0b44a8dc8b2b46497671, type: 3}
      propertyPath: m_LocalRotation.y
      value: -0
      objectReference: {fileID: 0}
    - target: {fileID: 424142, guid: fce5c18c663f0b44a8dc8b2b46497671, type: 3}
      propertyPath: m_LocalRotation.z
      value: -0
      objectReference: {fileID: 0}
    - target: {fileID: 424142, guid: fce5c18c663f0b44a8dc8b2b46497671, type: 3}
      propertyPath: m_LocalEulerAnglesHint.x
      value: 0
      objectReference: {fileID: 0}
    - target: {fileID: 424142, guid: fce5c18c663f0b44a8dc8b2b46497671, type: 3}
      propertyPath: m_LocalEulerAnglesHint.y
      value: 0
      objectReference: {fileID: 0}
    - target: {fileID: 424142, guid: fce5c18c663f0b44a8dc8b2b46497671, type: 3}
      propertyPath: m_LocalEulerAnglesHint.z
      value: 0
      objectReference: {fileID: 0}
    m_RemovedComponents: []
  m_SourcePrefab: {fileID: 100100000, guid: fce5c18c663f0b44a8dc8b2b46497671, type: 3}
--- !u!4 &8804913024409518635 stripped
Transform:
  m_CorrespondingSourceObject: {fileID: 424142, guid: fce5c18c663f0b44a8dc8b2b46497671,
    type: 3}
  m_PrefabInstance: {fileID: 8804913024409647845}
  m_PrefabAsset: {fileID: 0}
--- !u!1001 &8804913024628230840
PrefabInstance:
  m_ObjectHideFlags: 0
  serializedVersion: 2
  m_Modification:
    m_TransformParent: {fileID: 8804913023492839763}
    m_Modifications:
    - target: {fileID: 100000, guid: ba6c1d8ab9e557a41ae865390e50e1a4, type: 3}
      propertyPath: m_Name
      value: Tomb03_c
      objectReference: {fileID: 0}
    - target: {fileID: 400000, guid: ba6c1d8ab9e557a41ae865390e50e1a4, type: 3}
      propertyPath: m_RootOrder
      value: 4
      objectReference: {fileID: 0}
    - target: {fileID: 400000, guid: ba6c1d8ab9e557a41ae865390e50e1a4, type: 3}
      propertyPath: m_LocalPosition.x
      value: 20.08577
      objectReference: {fileID: 0}
    - target: {fileID: 400000, guid: ba6c1d8ab9e557a41ae865390e50e1a4, type: 3}
      propertyPath: m_LocalPosition.y
      value: -1.0553471
      objectReference: {fileID: 0}
    - target: {fileID: 400000, guid: ba6c1d8ab9e557a41ae865390e50e1a4, type: 3}
      propertyPath: m_LocalPosition.z
      value: 10.57354
      objectReference: {fileID: 0}
    - target: {fileID: 400000, guid: ba6c1d8ab9e557a41ae865390e50e1a4, type: 3}
      propertyPath: m_LocalRotation.w
      value: 0.7071068
      objectReference: {fileID: 0}
    - target: {fileID: 400000, guid: ba6c1d8ab9e557a41ae865390e50e1a4, type: 3}
      propertyPath: m_LocalRotation.x
      value: -0.7071068
      objectReference: {fileID: 0}
    - target: {fileID: 400000, guid: ba6c1d8ab9e557a41ae865390e50e1a4, type: 3}
      propertyPath: m_LocalRotation.y
      value: -0
      objectReference: {fileID: 0}
    - target: {fileID: 400000, guid: ba6c1d8ab9e557a41ae865390e50e1a4, type: 3}
      propertyPath: m_LocalRotation.z
      value: -0
      objectReference: {fileID: 0}
    - target: {fileID: 400000, guid: ba6c1d8ab9e557a41ae865390e50e1a4, type: 3}
      propertyPath: m_LocalEulerAnglesHint.x
      value: 0
      objectReference: {fileID: 0}
    - target: {fileID: 400000, guid: ba6c1d8ab9e557a41ae865390e50e1a4, type: 3}
      propertyPath: m_LocalEulerAnglesHint.y
      value: 0
      objectReference: {fileID: 0}
    - target: {fileID: 400000, guid: ba6c1d8ab9e557a41ae865390e50e1a4, type: 3}
      propertyPath: m_LocalEulerAnglesHint.z
      value: 0
      objectReference: {fileID: 0}
    m_RemovedComponents: []
  m_SourcePrefab: {fileID: 100100000, guid: ba6c1d8ab9e557a41ae865390e50e1a4, type: 3}
--- !u!4 &8804913024628101176 stripped
Transform:
  m_CorrespondingSourceObject: {fileID: 400000, guid: ba6c1d8ab9e557a41ae865390e50e1a4,
    type: 3}
  m_PrefabInstance: {fileID: 8804913024628230840}
  m_PrefabAsset: {fileID: 0}
--- !u!1001 &8804913024777870047
PrefabInstance:
  m_ObjectHideFlags: 0
  serializedVersion: 2
  m_Modification:
    m_TransformParent: {fileID: 8804913023492839763}
    m_Modifications:
    - target: {fileID: 151750, guid: fce5c18c663f0b44a8dc8b2b46497671, type: 3}
      propertyPath: m_Name
      value: Fence_2H (6)
      objectReference: {fileID: 0}
    - target: {fileID: 424142, guid: fce5c18c663f0b44a8dc8b2b46497671, type: 3}
      propertyPath: m_RootOrder
      value: 3
      objectReference: {fileID: 0}
    - target: {fileID: 424142, guid: fce5c18c663f0b44a8dc8b2b46497671, type: 3}
      propertyPath: m_LocalPosition.x
      value: 19.399994
      objectReference: {fileID: 0}
    - target: {fileID: 424142, guid: fce5c18c663f0b44a8dc8b2b46497671, type: 3}
      propertyPath: m_LocalPosition.y
      value: 0
      objectReference: {fileID: 0}
    - target: {fileID: 424142, guid: fce5c18c663f0b44a8dc8b2b46497671, type: 3}
      propertyPath: m_LocalPosition.z
      value: 3.9262924
      objectReference: {fileID: 0}
    - target: {fileID: 424142, guid: fce5c18c663f0b44a8dc8b2b46497671, type: 3}
      propertyPath: m_LocalRotation.w
      value: 0.70738107
      objectReference: {fileID: 0}
    - target: {fileID: 424142, guid: fce5c18c663f0b44a8dc8b2b46497671, type: 3}
      propertyPath: m_LocalRotation.x
      value: -0
      objectReference: {fileID: 0}
    - target: {fileID: 424142, guid: fce5c18c663f0b44a8dc8b2b46497671, type: 3}
      propertyPath: m_LocalRotation.y
      value: 0.70683247
      objectReference: {fileID: 0}
    - target: {fileID: 424142, guid: fce5c18c663f0b44a8dc8b2b46497671, type: 3}
      propertyPath: m_LocalRotation.z
      value: -0
      objectReference: {fileID: 0}
    - target: {fileID: 424142, guid: fce5c18c663f0b44a8dc8b2b46497671, type: 3}
      propertyPath: m_LocalEulerAnglesHint.x
      value: 0
      objectReference: {fileID: 0}
    - target: {fileID: 424142, guid: fce5c18c663f0b44a8dc8b2b46497671, type: 3}
      propertyPath: m_LocalEulerAnglesHint.y
      value: 89.956
      objectReference: {fileID: 0}
    - target: {fileID: 424142, guid: fce5c18c663f0b44a8dc8b2b46497671, type: 3}
      propertyPath: m_LocalEulerAnglesHint.z
      value: 0
      objectReference: {fileID: 0}
    m_RemovedComponents: []
  m_SourcePrefab: {fileID: 100100000, guid: fce5c18c663f0b44a8dc8b2b46497671, type: 3}
--- !u!4 &8804913024778248721 stripped
Transform:
  m_CorrespondingSourceObject: {fileID: 424142, guid: fce5c18c663f0b44a8dc8b2b46497671,
    type: 3}
  m_PrefabInstance: {fileID: 8804913024777870047}
  m_PrefabAsset: {fileID: 0}
--- !u!1001 &8804913024838016303
PrefabInstance:
  m_ObjectHideFlags: 0
  serializedVersion: 2
  m_Modification:
    m_TransformParent: {fileID: 8804913023492839763}
    m_Modifications:
    - target: {fileID: 136426, guid: 64020f3741286a144a21adb38c26c5b7, type: 3}
      propertyPath: m_Name
      value: Fence_1E (1)
      objectReference: {fileID: 0}
    - target: {fileID: 474464, guid: 64020f3741286a144a21adb38c26c5b7, type: 3}
      propertyPath: m_RootOrder
      value: 12
      objectReference: {fileID: 0}
    - target: {fileID: 474464, guid: 64020f3741286a144a21adb38c26c5b7, type: 3}
      propertyPath: m_LocalPosition.x
      value: 19.371994
      objectReference: {fileID: 0}
    - target: {fileID: 474464, guid: 64020f3741286a144a21adb38c26c5b7, type: 3}
      propertyPath: m_LocalPosition.y
      value: -0.05703783
      objectReference: {fileID: 0}
    - target: {fileID: 474464, guid: 64020f3741286a144a21adb38c26c5b7, type: 3}
      propertyPath: m_LocalPosition.z
      value: 20.936295
      objectReference: {fileID: 0}
    - target: {fileID: 474464, guid: 64020f3741286a144a21adb38c26c5b7, type: 3}
      propertyPath: m_LocalRotation.w
      value: 0.6950594
      objectReference: {fileID: 0}
    - target: {fileID: 474464, guid: 64020f3741286a144a21adb38c26c5b7, type: 3}
      propertyPath: m_LocalRotation.x
      value: -0
      objectReference: {fileID: 0}
    - target: {fileID: 474464, guid: 64020f3741286a144a21adb38c26c5b7, type: 3}
      propertyPath: m_LocalRotation.y
      value: 0.71895236
      objectReference: {fileID: 0}
    - target: {fileID: 474464, guid: 64020f3741286a144a21adb38c26c5b7, type: 3}
      propertyPath: m_LocalRotation.z
      value: -0
      objectReference: {fileID: 0}
    - target: {fileID: 474464, guid: 64020f3741286a144a21adb38c26c5b7, type: 3}
      propertyPath: m_LocalEulerAnglesHint.x
      value: 0
      objectReference: {fileID: 0}
    - target: {fileID: 474464, guid: 64020f3741286a144a21adb38c26c5b7, type: 3}
      propertyPath: m_LocalEulerAnglesHint.y
      value: 91.936005
      objectReference: {fileID: 0}
    - target: {fileID: 474464, guid: 64020f3741286a144a21adb38c26c5b7, type: 3}
      propertyPath: m_LocalEulerAnglesHint.z
      value: 0
      objectReference: {fileID: 0}
    m_RemovedComponents: []
  m_SourcePrefab: {fileID: 100100000, guid: 64020f3741286a144a21adb38c26c5b7, type: 3}
--- !u!4 &8804913024837689423 stripped
Transform:
  m_CorrespondingSourceObject: {fileID: 474464, guid: 64020f3741286a144a21adb38c26c5b7,
    type: 3}
  m_PrefabInstance: {fileID: 8804913024838016303}
  m_PrefabAsset: {fileID: 0}
