%YAML 1.1
%TAG !u! tag:unity3d.com,2011:
--- !u!1 &8304602823883416652
GameObject:
  m_ObjectHideFlags: 0
  m_CorrespondingSourceObject: {fileID: 0}
  m_PrefabInstance: {fileID: 0}
  m_PrefabAsset: {fileID: 0}
  serializedVersion: 6
  m_Component:
  - component: {fileID: 8304602823883148356}
  - component: {fileID: 8304602823886572114}
  - component: {fileID: 8304602823885540810}
  - component: {fileID: 8304602823881349484}
  m_Layer: 0
  m_Name: Fence 1
  m_TagString: Untagged
  m_Icon: {fileID: 0}
  m_NavMeshLayer: 0
  m_StaticEditorFlags: 0
  m_IsActive: 1
--- !u!4 &8304602823883148356
Transform:
  m_ObjectHideFlags: 0
  m_CorrespondingSourceObject: {fileID: 0}
  m_PrefabInstance: {fileID: 0}
  m_PrefabAsset: {fileID: 0}
  m_GameObject: {fileID: 8304602823883416652}
  m_LocalRotation: {x: 0, y: 0, z: 0, w: 1}
  m_LocalPosition: {x: -113.48999, y: 1.1053482, z: -80.006294}
  m_LocalScale: {x: 1, y: 1, z: 1}
  m_Children:
  - {fileID: 8304602824735637180}
  - {fileID: 8304602824680081982}
  - {fileID: 8304602824185363925}
  - {fileID: 8304602823608022790}
  - {fileID: 8304602822753223983}
  - {fileID: 8304602823802303889}
  - {fileID: 8304602824421132615}
  - {fileID: 8304602824140139796}
  - {fileID: 8304602823798056416}
  - {fileID: 8304602823239227196}
  - {fileID: 8304602824038058494}
  - {fileID: 8304602824519226271}
  - {fileID: 8304602823617394008}
  m_Father: {fileID: 0}
  m_RootOrder: 0
  m_LocalEulerAnglesHint: {x: 0, y: 0, z: 0}
--- !u!33 &8304602823886572114
MeshFilter:
  m_ObjectHideFlags: 0
  m_CorrespondingSourceObject: {fileID: 0}
  m_PrefabInstance: {fileID: 0}
  m_PrefabAsset: {fileID: 0}
  m_GameObject: {fileID: 8304602823883416652}
  m_Mesh: {fileID: 4300002, guid: 4db333cb1209a4f4c85f384713443527, type: 3}
--- !u!23 &8304602823885540810
MeshRenderer:
  m_ObjectHideFlags: 0
  m_CorrespondingSourceObject: {fileID: 0}
  m_PrefabInstance: {fileID: 0}
  m_PrefabAsset: {fileID: 0}
  m_GameObject: {fileID: 8304602823883416652}
  m_Enabled: 1
  m_CastShadows: 1
  m_ReceiveShadows: 1
  m_DynamicOccludee: 1
  m_MotionVectors: 1
  m_LightProbeUsage: 1
  m_ReflectionProbeUsage: 1
  m_RayTracingMode: 2
  m_RenderingLayerMask: 1
  m_RendererPriority: 0
  m_Materials:
  - {fileID: 2100000, guid: ba8b09b7383bf3f46ad1e52fff79a1b8, type: 2}
  m_StaticBatchInfo:
    firstSubMesh: 0
    subMeshCount: 0
  m_StaticBatchRoot: {fileID: 0}
  m_ProbeAnchor: {fileID: 0}
  m_LightProbeVolumeOverride: {fileID: 0}
  m_ScaleInLightmap: 1
  m_ReceiveGI: 1
  m_PreserveUVs: 0
  m_IgnoreNormalsForChartDetection: 0
  m_ImportantGI: 0
  m_StitchLightmapSeams: 1
  m_SelectedEditorRenderState: 3
  m_MinimumChartSize: 4
  m_AutoUVMaxDistance: 0.5
  m_AutoUVMaxAngle: 89
  m_LightmapParameters: {fileID: 0}
  m_SortingLayerID: 0
  m_SortingLayer: 0
  m_SortingOrder: 0
--- !u!65 &8304602823881349484
BoxCollider:
  m_ObjectHideFlags: 0
  m_CorrespondingSourceObject: {fileID: 0}
  m_PrefabInstance: {fileID: 0}
  m_PrefabAsset: {fileID: 0}
  m_GameObject: {fileID: 8304602823883416652}
  m_Material: {fileID: 0}
  m_IsTrigger: 0
  m_Enabled: 1
  serializedVersion: 2
  m_Size: {x: 8.2951975, y: 2.1500006, z: 0.50000024}
  m_Center: {x: 0.0009827614, y: 0.019652009, z: 0.0000016465783}
--- !u!1001 &2359405801679005781
PrefabInstance:
  m_ObjectHideFlags: 0
  serializedVersion: 2
  m_Modification:
    m_TransformParent: {fileID: 8304602822753223983}
    m_Modifications:
    - target: {fileID: 1900756431413560, guid: 529eb4216865eba419c1a4a68d0b0388, type: 3}
      propertyPath: m_Name
      value: Magic fire 2
      objectReference: {fileID: 0}
    - target: {fileID: 4283311113454432, guid: 529eb4216865eba419c1a4a68d0b0388, type: 3}
      propertyPath: m_RootOrder
      value: 0
      objectReference: {fileID: 0}
    - target: {fileID: 4283311113454432, guid: 529eb4216865eba419c1a4a68d0b0388, type: 3}
      propertyPath: m_LocalPosition.x
      value: 0.036224365
      objectReference: {fileID: 0}
    - target: {fileID: 4283311113454432, guid: 529eb4216865eba419c1a4a68d0b0388, type: 3}
      propertyPath: m_LocalPosition.y
      value: -0.0007557869
      objectReference: {fileID: 0}
    - target: {fileID: 4283311113454432, guid: 529eb4216865eba419c1a4a68d0b0388, type: 3}
      propertyPath: m_LocalPosition.z
      value: 4.149999
      objectReference: {fileID: 0}
    - target: {fileID: 4283311113454432, guid: 529eb4216865eba419c1a4a68d0b0388, type: 3}
      propertyPath: m_LocalRotation.w
      value: 0.7071068
      objectReference: {fileID: 0}
    - target: {fileID: 4283311113454432, guid: 529eb4216865eba419c1a4a68d0b0388, type: 3}
      propertyPath: m_LocalRotation.x
      value: 0.7071068
      objectReference: {fileID: 0}
    - target: {fileID: 4283311113454432, guid: 529eb4216865eba419c1a4a68d0b0388, type: 3}
      propertyPath: m_LocalRotation.y
      value: -0
      objectReference: {fileID: 0}
    - target: {fileID: 4283311113454432, guid: 529eb4216865eba419c1a4a68d0b0388, type: 3}
      propertyPath: m_LocalRotation.z
      value: -0
      objectReference: {fileID: 0}
    - target: {fileID: 4283311113454432, guid: 529eb4216865eba419c1a4a68d0b0388, type: 3}
      propertyPath: m_LocalEulerAnglesHint.x
      value: -90
      objectReference: {fileID: 0}
    - target: {fileID: 4283311113454432, guid: 529eb4216865eba419c1a4a68d0b0388, type: 3}
      propertyPath: m_LocalEulerAnglesHint.y
      value: 0
      objectReference: {fileID: 0}
    - target: {fileID: 4283311113454432, guid: 529eb4216865eba419c1a4a68d0b0388, type: 3}
      propertyPath: m_LocalEulerAnglesHint.z
      value: 0
      objectReference: {fileID: 0}
    - target: {fileID: 199026062044450118, guid: 529eb4216865eba419c1a4a68d0b0388,
        type: 3}
      propertyPath: m_Materials.Array.size
      value: 1
      objectReference: {fileID: 0}
    - target: {fileID: 199735100987297476, guid: 529eb4216865eba419c1a4a68d0b0388,
        type: 3}
      propertyPath: m_Materials.Array.size
      value: 1
      objectReference: {fileID: 0}
    - target: {fileID: 199781949288928142, guid: 529eb4216865eba419c1a4a68d0b0388,
        type: 3}
      propertyPath: m_Materials.Array.size
      value: 1
      objectReference: {fileID: 0}
    - target: {fileID: 199923637718934068, guid: 529eb4216865eba419c1a4a68d0b0388,
        type: 3}
      propertyPath: m_Materials.Array.size
      value: 1
      objectReference: {fileID: 0}
    m_RemovedComponents: []
  m_SourcePrefab: {fileID: 100100000, guid: 529eb4216865eba419c1a4a68d0b0388, type: 3}
--- !u!1001 &6759976671833114412
PrefabInstance:
  m_ObjectHideFlags: 0
  serializedVersion: 2
  m_Modification:
    m_TransformParent: {fileID: 8304602823802303889}
    m_Modifications:
    - target: {fileID: 1900756431413560, guid: 529eb4216865eba419c1a4a68d0b0388, type: 3}
      propertyPath: m_Name
      value: Magic fire 2 (1)
      objectReference: {fileID: 0}
    - target: {fileID: 4283311113454432, guid: 529eb4216865eba419c1a4a68d0b0388, type: 3}
      propertyPath: m_RootOrder
      value: 0
      objectReference: {fileID: 0}
    - target: {fileID: 4283311113454432, guid: 529eb4216865eba419c1a4a68d0b0388, type: 3}
      propertyPath: m_LocalPosition.x
      value: 0.177948
      objectReference: {fileID: 0}
    - target: {fileID: 4283311113454432, guid: 529eb4216865eba419c1a4a68d0b0388, type: 3}
      propertyPath: m_LocalPosition.y
      value: 0.17787123
      objectReference: {fileID: 0}
    - target: {fileID: 4283311113454432, guid: 529eb4216865eba419c1a4a68d0b0388, type: 3}
      propertyPath: m_LocalPosition.z
      value: 4.149999
      objectReference: {fileID: 0}
    - target: {fileID: 4283311113454432, guid: 529eb4216865eba419c1a4a68d0b0388, type: 3}
      propertyPath: m_LocalRotation.w
      value: 0.7071068
      objectReference: {fileID: 0}
    - target: {fileID: 4283311113454432, guid: 529eb4216865eba419c1a4a68d0b0388, type: 3}
      propertyPath: m_LocalRotation.x
      value: 0.7071068
      objectReference: {fileID: 0}
    - target: {fileID: 4283311113454432, guid: 529eb4216865eba419c1a4a68d0b0388, type: 3}
      propertyPath: m_LocalRotation.y
      value: -0
      objectReference: {fileID: 0}
    - target: {fileID: 4283311113454432, guid: 529eb4216865eba419c1a4a68d0b0388, type: 3}
      propertyPath: m_LocalRotation.z
      value: -0
      objectReference: {fileID: 0}
    - target: {fileID: 4283311113454432, guid: 529eb4216865eba419c1a4a68d0b0388, type: 3}
      propertyPath: m_LocalEulerAnglesHint.x
      value: -90
      objectReference: {fileID: 0}
    - target: {fileID: 4283311113454432, guid: 529eb4216865eba419c1a4a68d0b0388, type: 3}
      propertyPath: m_LocalEulerAnglesHint.y
      value: 0
      objectReference: {fileID: 0}
    - target: {fileID: 4283311113454432, guid: 529eb4216865eba419c1a4a68d0b0388, type: 3}
      propertyPath: m_LocalEulerAnglesHint.z
      value: 0
      objectReference: {fileID: 0}
    - target: {fileID: 199026062044450118, guid: 529eb4216865eba419c1a4a68d0b0388,
        type: 3}
      propertyPath: m_Materials.Array.size
      value: 1
      objectReference: {fileID: 0}
    - target: {fileID: 199735100987297476, guid: 529eb4216865eba419c1a4a68d0b0388,
        type: 3}
      propertyPath: m_Materials.Array.size
      value: 1
      objectReference: {fileID: 0}
    - target: {fileID: 199781949288928142, guid: 529eb4216865eba419c1a4a68d0b0388,
        type: 3}
      propertyPath: m_Materials.Array.size
      value: 1
      objectReference: {fileID: 0}
    - target: {fileID: 199923637718934068, guid: 529eb4216865eba419c1a4a68d0b0388,
        type: 3}
      propertyPath: m_Materials.Array.size
      value: 1
      objectReference: {fileID: 0}
    m_RemovedComponents: []
  m_SourcePrefab: {fileID: 100100000, guid: 529eb4216865eba419c1a4a68d0b0388, type: 3}
--- !u!1001 &8304602822753623983
PrefabInstance:
  m_ObjectHideFlags: 0
  serializedVersion: 2
  m_Modification:
    m_TransformParent: {fileID: 8304602823883148356}
    m_Modifications:
    - target: {fileID: 100000, guid: ba6c1d8ab9e557a41ae865390e50e1a4, type: 3}
      propertyPath: m_Name
      value: Tomb03_c
      objectReference: {fileID: 0}
    - target: {fileID: 400000, guid: ba6c1d8ab9e557a41ae865390e50e1a4, type: 3}
      propertyPath: m_RootOrder
      value: 4
      objectReference: {fileID: 0}
    - target: {fileID: 400000, guid: ba6c1d8ab9e557a41ae865390e50e1a4, type: 3}
      propertyPath: m_LocalPosition.x
      value: 20.08577
      objectReference: {fileID: 0}
    - target: {fileID: 400000, guid: ba6c1d8ab9e557a41ae865390e50e1a4, type: 3}
      propertyPath: m_LocalPosition.y
      value: -1.0553471
      objectReference: {fileID: 0}
    - target: {fileID: 400000, guid: ba6c1d8ab9e557a41ae865390e50e1a4, type: 3}
      propertyPath: m_LocalPosition.z
      value: 10.57354
      objectReference: {fileID: 0}
    - target: {fileID: 400000, guid: ba6c1d8ab9e557a41ae865390e50e1a4, type: 3}
      propertyPath: m_LocalRotation.w
      value: 0.7071068
      objectReference: {fileID: 0}
    - target: {fileID: 400000, guid: ba6c1d8ab9e557a41ae865390e50e1a4, type: 3}
      propertyPath: m_LocalRotation.x
      value: -0.7071068
      objectReference: {fileID: 0}
    - target: {fileID: 400000, guid: ba6c1d8ab9e557a41ae865390e50e1a4, type: 3}
      propertyPath: m_LocalRotation.y
      value: -0
      objectReference: {fileID: 0}
    - target: {fileID: 400000, guid: ba6c1d8ab9e557a41ae865390e50e1a4, type: 3}
      propertyPath: m_LocalRotation.z
      value: -0
      objectReference: {fileID: 0}
    - target: {fileID: 400000, guid: ba6c1d8ab9e557a41ae865390e50e1a4, type: 3}
      propertyPath: m_LocalEulerAnglesHint.x
      value: 0
      objectReference: {fileID: 0}
    - target: {fileID: 400000, guid: ba6c1d8ab9e557a41ae865390e50e1a4, type: 3}
      propertyPath: m_LocalEulerAnglesHint.y
      value: 0
      objectReference: {fileID: 0}
    - target: {fileID: 400000, guid: ba6c1d8ab9e557a41ae865390e50e1a4, type: 3}
      propertyPath: m_LocalEulerAnglesHint.z
      value: 0
      objectReference: {fileID: 0}
    m_RemovedComponents: []
  m_SourcePrefab: {fileID: 100100000, guid: ba6c1d8ab9e557a41ae865390e50e1a4, type: 3}
--- !u!4 &8304602822753223983 stripped
Transform:
  m_CorrespondingSourceObject: {fileID: 400000, guid: ba6c1d8ab9e557a41ae865390e50e1a4,
    type: 3}
  m_PrefabInstance: {fileID: 8304602822753623983}
  m_PrefabAsset: {fileID: 0}
--- !u!1001 &8304602823239610354
PrefabInstance:
  m_ObjectHideFlags: 0
  serializedVersion: 2
  m_Modification:
    m_TransformParent: {fileID: 8304602823883148356}
    m_Modifications:
    - target: {fileID: 151750, guid: fce5c18c663f0b44a8dc8b2b46497671, type: 3}
      propertyPath: m_Name
      value: Fence_2H (4)
      objectReference: {fileID: 0}
    - target: {fileID: 424142, guid: fce5c18c663f0b44a8dc8b2b46497671, type: 3}
      propertyPath: m_RootOrder
      value: 9
      objectReference: {fileID: 0}
    - target: {fileID: 424142, guid: fce5c18c663f0b44a8dc8b2b46497671, type: 3}
      propertyPath: m_LocalPosition.x
      value: 7.769989
      objectReference: {fileID: 0}
    - target: {fileID: 424142, guid: fce5c18c663f0b44a8dc8b2b46497671, type: 3}
      propertyPath: m_LocalPosition.y
      value: 0
      objectReference: {fileID: 0}
    - target: {fileID: 424142, guid: fce5c18c663f0b44a8dc8b2b46497671, type: 3}
      propertyPath: m_LocalPosition.z
      value: 30.026295
      objectReference: {fileID: 0}
    - target: {fileID: 424142, guid: fce5c18c663f0b44a8dc8b2b46497671, type: 3}
      propertyPath: m_LocalRotation.w
      value: 1
      objectReference: {fileID: 0}
    - target: {fileID: 424142, guid: fce5c18c663f0b44a8dc8b2b46497671, type: 3}
      propertyPath: m_LocalRotation.x
      value: -0
      objectReference: {fileID: 0}
    - target: {fileID: 424142, guid: fce5c18c663f0b44a8dc8b2b46497671, type: 3}
      propertyPath: m_LocalRotation.y
      value: -0
      objectReference: {fileID: 0}
    - target: {fileID: 424142, guid: fce5c18c663f0b44a8dc8b2b46497671, type: 3}
      propertyPath: m_LocalRotation.z
      value: -0
      objectReference: {fileID: 0}
    - target: {fileID: 424142, guid: fce5c18c663f0b44a8dc8b2b46497671, type: 3}
      propertyPath: m_LocalEulerAnglesHint.x
      value: 0
      objectReference: {fileID: 0}
    - target: {fileID: 424142, guid: fce5c18c663f0b44a8dc8b2b46497671, type: 3}
      propertyPath: m_LocalEulerAnglesHint.y
      value: 0
      objectReference: {fileID: 0}
    - target: {fileID: 424142, guid: fce5c18c663f0b44a8dc8b2b46497671, type: 3}
      propertyPath: m_LocalEulerAnglesHint.z
      value: 0
      objectReference: {fileID: 0}
    m_RemovedComponents: []
  m_SourcePrefab: {fileID: 100100000, guid: fce5c18c663f0b44a8dc8b2b46497671, type: 3}
--- !u!4 &8304602823239227196 stripped
Transform:
  m_CorrespondingSourceObject: {fileID: 424142, guid: fce5c18c663f0b44a8dc8b2b46497671,
    type: 3}
  m_PrefabInstance: {fileID: 8304602823239610354}
  m_PrefabAsset: {fileID: 0}
--- !u!1001 &8304602823607898056
PrefabInstance:
  m_ObjectHideFlags: 0
  serializedVersion: 2
  m_Modification:
    m_TransformParent: {fileID: 8304602823883148356}
    m_Modifications:
    - target: {fileID: 151750, guid: fce5c18c663f0b44a8dc8b2b46497671, type: 3}
      propertyPath: m_Name
      value: Fence_2H (6)
      objectReference: {fileID: 0}
    - target: {fileID: 424142, guid: fce5c18c663f0b44a8dc8b2b46497671, type: 3}
      propertyPath: m_RootOrder
      value: 3
      objectReference: {fileID: 0}
    - target: {fileID: 424142, guid: fce5c18c663f0b44a8dc8b2b46497671, type: 3}
      propertyPath: m_LocalPosition.x
      value: 19.399994
      objectReference: {fileID: 0}
    - target: {fileID: 424142, guid: fce5c18c663f0b44a8dc8b2b46497671, type: 3}
      propertyPath: m_LocalPosition.y
      value: 0
      objectReference: {fileID: 0}
    - target: {fileID: 424142, guid: fce5c18c663f0b44a8dc8b2b46497671, type: 3}
      propertyPath: m_LocalPosition.z
      value: 3.9262924
      objectReference: {fileID: 0}
    - target: {fileID: 424142, guid: fce5c18c663f0b44a8dc8b2b46497671, type: 3}
      propertyPath: m_LocalRotation.w
      value: 0.70738107
      objectReference: {fileID: 0}
    - target: {fileID: 424142, guid: fce5c18c663f0b44a8dc8b2b46497671, type: 3}
      propertyPath: m_LocalRotation.x
      value: -0
      objectReference: {fileID: 0}
    - target: {fileID: 424142, guid: fce5c18c663f0b44a8dc8b2b46497671, type: 3}
      propertyPath: m_LocalRotation.y
      value: 0.70683247
      objectReference: {fileID: 0}
    - target: {fileID: 424142, guid: fce5c18c663f0b44a8dc8b2b46497671, type: 3}
      propertyPath: m_LocalRotation.z
      value: -0
      objectReference: {fileID: 0}
    - target: {fileID: 424142, guid: fce5c18c663f0b44a8dc8b2b46497671, type: 3}
      propertyPath: m_LocalEulerAnglesHint.x
      value: 0
      objectReference: {fileID: 0}
    - target: {fileID: 424142, guid: fce5c18c663f0b44a8dc8b2b46497671, type: 3}
      propertyPath: m_LocalEulerAnglesHint.y
      value: 89.956
      objectReference: {fileID: 0}
    - target: {fileID: 424142, guid: fce5c18c663f0b44a8dc8b2b46497671, type: 3}
      propertyPath: m_LocalEulerAnglesHint.z
      value: 0
      objectReference: {fileID: 0}
    m_RemovedComponents: []
  m_SourcePrefab: {fileID: 100100000, guid: fce5c18c663f0b44a8dc8b2b46497671, type: 3}
--- !u!4 &8304602823608022790 stripped
Transform:
  m_CorrespondingSourceObject: {fileID: 424142, guid: fce5c18c663f0b44a8dc8b2b46497671,
    type: 3}
  m_PrefabInstance: {fileID: 8304602823607898056}
  m_PrefabAsset: {fileID: 0}
--- !u!1001 &8304602823617447992
PrefabInstance:
  m_ObjectHideFlags: 0
  serializedVersion: 2
  m_Modification:
    m_TransformParent: {fileID: 8304602823883148356}
    m_Modifications:
    - target: {fileID: 136426, guid: 64020f3741286a144a21adb38c26c5b7, type: 3}
      propertyPath: m_Name
      value: Fence_1E (1)
      objectReference: {fileID: 0}
    - target: {fileID: 474464, guid: 64020f3741286a144a21adb38c26c5b7, type: 3}
      propertyPath: m_RootOrder
      value: 12
      objectReference: {fileID: 0}
    - target: {fileID: 474464, guid: 64020f3741286a144a21adb38c26c5b7, type: 3}
      propertyPath: m_LocalPosition.x
      value: 19.371994
      objectReference: {fileID: 0}
    - target: {fileID: 474464, guid: 64020f3741286a144a21adb38c26c5b7, type: 3}
      propertyPath: m_LocalPosition.y
      value: -0.05703783
      objectReference: {fileID: 0}
    - target: {fileID: 474464, guid: 64020f3741286a144a21adb38c26c5b7, type: 3}
      propertyPath: m_LocalPosition.z
      value: 20.936295
      objectReference: {fileID: 0}
    - target: {fileID: 474464, guid: 64020f3741286a144a21adb38c26c5b7, type: 3}
      propertyPath: m_LocalRotation.w
      value: 0.6950594
      objectReference: {fileID: 0}
    - target: {fileID: 474464, guid: 64020f3741286a144a21adb38c26c5b7, type: 3}
      propertyPath: m_LocalRotation.x
      value: -0
      objectReference: {fileID: 0}
    - target: {fileID: 474464, guid: 64020f3741286a144a21adb38c26c5b7, type: 3}
      propertyPath: m_LocalRotation.y
      value: 0.71895236
      objectReference: {fileID: 0}
    - target: {fileID: 474464, guid: 64020f3741286a144a21adb38c26c5b7, type: 3}
      propertyPath: m_LocalRotation.z
      value: -0
      objectReference: {fileID: 0}
    - target: {fileID: 474464, guid: 64020f3741286a144a21adb38c26c5b7, type: 3}
      propertyPath: m_LocalEulerAnglesHint.x
      value: 0
      objectReference: {fileID: 0}
    - target: {fileID: 474464, guid: 64020f3741286a144a21adb38c26c5b7, type: 3}
      propertyPath: m_LocalEulerAnglesHint.y
      value: 91.936005
      objectReference: {fileID: 0}
    - target: {fileID: 474464, guid: 64020f3741286a144a21adb38c26c5b7, type: 3}
      propertyPath: m_LocalEulerAnglesHint.z
      value: 0
      objectReference: {fileID: 0}
    m_RemovedComponents: []
  m_SourcePrefab: {fileID: 100100000, guid: 64020f3741286a144a21adb38c26c5b7, type: 3}
--- !u!4 &8304602823617394008 stripped
Transform:
  m_CorrespondingSourceObject: {fileID: 474464, guid: 64020f3741286a144a21adb38c26c5b7,
    type: 3}
  m_PrefabInstance: {fileID: 8304602823617447992}
  m_PrefabAsset: {fileID: 0}
--- !u!1001 &8304602823798431022
PrefabInstance:
  m_ObjectHideFlags: 0
  serializedVersion: 2
  m_Modification:
    m_TransformParent: {fileID: 8304602823883148356}
    m_Modifications:
    - target: {fileID: 151750, guid: fce5c18c663f0b44a8dc8b2b46497671, type: 3}
      propertyPath: m_Name
      value: Fence_2H (3)
      objectReference: {fileID: 0}
    - target: {fileID: 424142, guid: fce5c18c663f0b44a8dc8b2b46497671, type: 3}
      propertyPath: m_RootOrder
      value: 8
      objectReference: {fileID: 0}
    - target: {fileID: 424142, guid: fce5c18c663f0b44a8dc8b2b46497671, type: 3}
      propertyPath: m_LocalPosition.x
      value: 0
      objectReference: {fileID: 0}
    - target: {fileID: 424142, guid: fce5c18c663f0b44a8dc8b2b46497671, type: 3}
      propertyPath: m_LocalPosition.y
      value: 0
      objectReference: {fileID: 0}
    - target: {fileID: 424142, guid: fce5c18c663f0b44a8dc8b2b46497671, type: 3}
      propertyPath: m_LocalPosition.z
      value: 30.026295
      objectReference: {fileID: 0}
    - target: {fileID: 424142, guid: fce5c18c663f0b44a8dc8b2b46497671, type: 3}
      propertyPath: m_LocalRotation.w
      value: 1
      objectReference: {fileID: 0}
    - target: {fileID: 424142, guid: fce5c18c663f0b44a8dc8b2b46497671, type: 3}
      propertyPath: m_LocalRotation.x
      value: -0
      objectReference: {fileID: 0}
    - target: {fileID: 424142, guid: fce5c18c663f0b44a8dc8b2b46497671, type: 3}
      propertyPath: m_LocalRotation.y
      value: -0
      objectReference: {fileID: 0}
    - target: {fileID: 424142, guid: fce5c18c663f0b44a8dc8b2b46497671, type: 3}
      propertyPath: m_LocalRotation.z
      value: -0
      objectReference: {fileID: 0}
    - target: {fileID: 424142, guid: fce5c18c663f0b44a8dc8b2b46497671, type: 3}
      propertyPath: m_LocalEulerAnglesHint.x
      value: 0
      objectReference: {fileID: 0}
    - target: {fileID: 424142, guid: fce5c18c663f0b44a8dc8b2b46497671, type: 3}
      propertyPath: m_LocalEulerAnglesHint.y
      value: 0
      objectReference: {fileID: 0}
    - target: {fileID: 424142, guid: fce5c18c663f0b44a8dc8b2b46497671, type: 3}
      propertyPath: m_LocalEulerAnglesHint.z
      value: 0
      objectReference: {fileID: 0}
    m_RemovedComponents: []
  m_SourcePrefab: {fileID: 100100000, guid: fce5c18c663f0b44a8dc8b2b46497671, type: 3}
--- !u!4 &8304602823798056416 stripped
Transform:
  m_CorrespondingSourceObject: {fileID: 424142, guid: fce5c18c663f0b44a8dc8b2b46497671,
    type: 3}
  m_PrefabInstance: {fileID: 8304602823798431022}
  m_PrefabAsset: {fileID: 0}
--- !u!1001 &8304602823802695441
PrefabInstance:
  m_ObjectHideFlags: 0
  serializedVersion: 2
  m_Modification:
    m_TransformParent: {fileID: 8304602823883148356}
    m_Modifications:
    - target: {fileID: 100000, guid: ba6c1d8ab9e557a41ae865390e50e1a4, type: 3}
      propertyPath: m_Name
      value: Tomb03_c (1)
      objectReference: {fileID: 0}
    - target: {fileID: 400000, guid: ba6c1d8ab9e557a41ae865390e50e1a4, type: 3}
      propertyPath: m_RootOrder
      value: 5
      objectReference: {fileID: 0}
    - target: {fileID: 400000, guid: ba6c1d8ab9e557a41ae865390e50e1a4, type: 3}
      propertyPath: m_LocalPosition.x
      value: 20.033043
      objectReference: {fileID: 0}
    - target: {fileID: 400000, guid: ba6c1d8ab9e557a41ae865390e50e1a4, type: 3}
      propertyPath: m_LocalPosition.y
      value: -1.0553471
      objectReference: {fileID: 0}
    - target: {fileID: 400000, guid: ba6c1d8ab9e557a41ae865390e50e1a4, type: 3}
      propertyPath: m_LocalPosition.z
      value: 19.715164
      objectReference: {fileID: 0}
    - target: {fileID: 400000, guid: ba6c1d8ab9e557a41ae865390e50e1a4, type: 3}
      propertyPath: m_LocalRotation.w
      value: 0.7071068
      objectReference: {fileID: 0}
    - target: {fileID: 400000, guid: ba6c1d8ab9e557a41ae865390e50e1a4, type: 3}
      propertyPath: m_LocalRotation.x
      value: -0.7071068
      objectReference: {fileID: 0}
    - target: {fileID: 400000, guid: ba6c1d8ab9e557a41ae865390e50e1a4, type: 3}
      propertyPath: m_LocalRotation.y
      value: -0
      objectReference: {fileID: 0}
    - target: {fileID: 400000, guid: ba6c1d8ab9e557a41ae865390e50e1a4, type: 3}
      propertyPath: m_LocalRotation.z
      value: -0
      objectReference: {fileID: 0}
    - target: {fileID: 400000, guid: ba6c1d8ab9e557a41ae865390e50e1a4, type: 3}
      propertyPath: m_LocalEulerAnglesHint.x
      value: 0
      objectReference: {fileID: 0}
    - target: {fileID: 400000, guid: ba6c1d8ab9e557a41ae865390e50e1a4, type: 3}
      propertyPath: m_LocalEulerAnglesHint.y
      value: 0
      objectReference: {fileID: 0}
    - target: {fileID: 400000, guid: ba6c1d8ab9e557a41ae865390e50e1a4, type: 3}
      propertyPath: m_LocalEulerAnglesHint.z
      value: 0
      objectReference: {fileID: 0}
    m_RemovedComponents: []
  m_SourcePrefab: {fileID: 100100000, guid: ba6c1d8ab9e557a41ae865390e50e1a4, type: 3}
--- !u!4 &8304602823802303889 stripped
Transform:
  m_CorrespondingSourceObject: {fileID: 400000, guid: ba6c1d8ab9e557a41ae865390e50e1a4,
    type: 3}
  m_PrefabInstance: {fileID: 8304602823802695441}
  m_PrefabAsset: {fileID: 0}
--- !u!1001 &8304602824037691696
PrefabInstance:
  m_ObjectHideFlags: 0
  serializedVersion: 2
  m_Modification:
    m_TransformParent: {fileID: 8304602823883148356}
    m_Modifications:
    - target: {fileID: 151750, guid: fce5c18c663f0b44a8dc8b2b46497671, type: 3}
      propertyPath: m_Name
      value: Fence_2H (5)
      objectReference: {fileID: 0}
    - target: {fileID: 424142, guid: fce5c18c663f0b44a8dc8b2b46497671, type: 3}
      propertyPath: m_RootOrder
      value: 10
      objectReference: {fileID: 0}
    - target: {fileID: 424142, guid: fce5c18c663f0b44a8dc8b2b46497671, type: 3}
      propertyPath: m_LocalPosition.x
      value: 15.519989
      objectReference: {fileID: 0}
    - target: {fileID: 424142, guid: fce5c18c663f0b44a8dc8b2b46497671, type: 3}
      propertyPath: m_LocalPosition.y
      value: 0
      objectReference: {fileID: 0}
    - target: {fileID: 424142, guid: fce5c18c663f0b44a8dc8b2b46497671, type: 3}
      propertyPath: m_LocalPosition.z
      value: 30.026295
      objectReference: {fileID: 0}
    - target: {fileID: 424142, guid: fce5c18c663f0b44a8dc8b2b46497671, type: 3}
      propertyPath: m_LocalRotation.w
      value: 1
      objectReference: {fileID: 0}
    - target: {fileID: 424142, guid: fce5c18c663f0b44a8dc8b2b46497671, type: 3}
      propertyPath: m_LocalRotation.x
      value: -0
      objectReference: {fileID: 0}
    - target: {fileID: 424142, guid: fce5c18c663f0b44a8dc8b2b46497671, type: 3}
      propertyPath: m_LocalRotation.y
      value: -0
      objectReference: {fileID: 0}
    - target: {fileID: 424142, guid: fce5c18c663f0b44a8dc8b2b46497671, type: 3}
      propertyPath: m_LocalRotation.z
      value: -0
      objectReference: {fileID: 0}
    - target: {fileID: 424142, guid: fce5c18c663f0b44a8dc8b2b46497671, type: 3}
      propertyPath: m_LocalEulerAnglesHint.x
      value: 0
      objectReference: {fileID: 0}
    - target: {fileID: 424142, guid: fce5c18c663f0b44a8dc8b2b46497671, type: 3}
      propertyPath: m_LocalEulerAnglesHint.y
      value: 0
      objectReference: {fileID: 0}
    - target: {fileID: 424142, guid: fce5c18c663f0b44a8dc8b2b46497671, type: 3}
      propertyPath: m_LocalEulerAnglesHint.z
      value: 0
      objectReference: {fileID: 0}
    m_RemovedComponents: []
  m_SourcePrefab: {fileID: 100100000, guid: fce5c18c663f0b44a8dc8b2b46497671, type: 3}
--- !u!4 &8304602824038058494 stripped
Transform:
  m_CorrespondingSourceObject: {fileID: 424142, guid: fce5c18c663f0b44a8dc8b2b46497671,
    type: 3}
  m_PrefabInstance: {fileID: 8304602824037691696}
  m_PrefabAsset: {fileID: 0}
--- !u!1001 &8304602824140019162
PrefabInstance:
  m_ObjectHideFlags: 0
  serializedVersion: 2
  m_Modification:
    m_TransformParent: {fileID: 8304602823883148356}
    m_Modifications:
    - target: {fileID: 151750, guid: fce5c18c663f0b44a8dc8b2b46497671, type: 3}
      propertyPath: m_Name
      value: Fence_2H (2)
      objectReference: {fileID: 0}
    - target: {fileID: 424142, guid: fce5c18c663f0b44a8dc8b2b46497671, type: 3}
      propertyPath: m_RootOrder
      value: 7
      objectReference: {fileID: 0}
    - target: {fileID: 424142, guid: fce5c18c663f0b44a8dc8b2b46497671, type: 3}
      propertyPath: m_LocalPosition.x
      value: 15.519989
      objectReference: {fileID: 0}
    - target: {fileID: 424142, guid: fce5c18c663f0b44a8dc8b2b46497671, type: 3}
      propertyPath: m_LocalPosition.y
      value: 0
      objectReference: {fileID: 0}
    - target: {fileID: 424142, guid: fce5c18c663f0b44a8dc8b2b46497671, type: 3}
      propertyPath: m_LocalPosition.z
      value: 0
      objectReference: {fileID: 0}
    - target: {fileID: 424142, guid: fce5c18c663f0b44a8dc8b2b46497671, type: 3}
      propertyPath: m_LocalRotation.w
      value: 1
      objectReference: {fileID: 0}
    - target: {fileID: 424142, guid: fce5c18c663f0b44a8dc8b2b46497671, type: 3}
      propertyPath: m_LocalRotation.x
      value: -0
      objectReference: {fileID: 0}
    - target: {fileID: 424142, guid: fce5c18c663f0b44a8dc8b2b46497671, type: 3}
      propertyPath: m_LocalRotation.y
      value: -0
      objectReference: {fileID: 0}
    - target: {fileID: 424142, guid: fce5c18c663f0b44a8dc8b2b46497671, type: 3}
      propertyPath: m_LocalRotation.z
      value: -0
      objectReference: {fileID: 0}
    - target: {fileID: 424142, guid: fce5c18c663f0b44a8dc8b2b46497671, type: 3}
      propertyPath: m_LocalEulerAnglesHint.x
      value: 0
      objectReference: {fileID: 0}
    - target: {fileID: 424142, guid: fce5c18c663f0b44a8dc8b2b46497671, type: 3}
      propertyPath: m_LocalEulerAnglesHint.y
      value: 0
      objectReference: {fileID: 0}
    - target: {fileID: 424142, guid: fce5c18c663f0b44a8dc8b2b46497671, type: 3}
      propertyPath: m_LocalEulerAnglesHint.z
      value: 0
      objectReference: {fileID: 0}
    m_RemovedComponents: []
  m_SourcePrefab: {fileID: 100100000, guid: fce5c18c663f0b44a8dc8b2b46497671, type: 3}
--- !u!4 &8304602824140139796 stripped
Transform:
  m_CorrespondingSourceObject: {fileID: 424142, guid: fce5c18c663f0b44a8dc8b2b46497671,
    type: 3}
  m_PrefabInstance: {fileID: 8304602824140019162}
  m_PrefabAsset: {fileID: 0}
--- !u!1001 &8304602824185020597
PrefabInstance:
  m_ObjectHideFlags: 0
  serializedVersion: 2
  m_Modification:
    m_TransformParent: {fileID: 8304602823883148356}
    m_Modifications:
    - target: {fileID: 136426, guid: 64020f3741286a144a21adb38c26c5b7, type: 3}
      propertyPath: m_Name
      value: Fence_1E
      objectReference: {fileID: 0}
    - target: {fileID: 474464, guid: 64020f3741286a144a21adb38c26c5b7, type: 3}
      propertyPath: m_RootOrder
      value: 2
      objectReference: {fileID: 0}
    - target: {fileID: 474464, guid: 64020f3741286a144a21adb38c26c5b7, type: 3}
      propertyPath: m_LocalPosition.x
      value: 19.440987
      objectReference: {fileID: 0}
    - target: {fileID: 474464, guid: 64020f3741286a144a21adb38c26c5b7, type: 3}
      propertyPath: m_LocalPosition.y
      value: -0.05703783
      objectReference: {fileID: 0}
    - target: {fileID: 474464, guid: 64020f3741286a144a21adb38c26c5b7, type: 3}
      propertyPath: m_LocalPosition.z
      value: 9.084297
      objectReference: {fileID: 0}
    - target: {fileID: 474464, guid: 64020f3741286a144a21adb38c26c5b7, type: 3}
      propertyPath: m_LocalRotation.w
      value: 0.6950594
      objectReference: {fileID: 0}
    - target: {fileID: 474464, guid: 64020f3741286a144a21adb38c26c5b7, type: 3}
      propertyPath: m_LocalRotation.x
      value: -0
      objectReference: {fileID: 0}
    - target: {fileID: 474464, guid: 64020f3741286a144a21adb38c26c5b7, type: 3}
      propertyPath: m_LocalRotation.y
      value: 0.71895236
      objectReference: {fileID: 0}
    - target: {fileID: 474464, guid: 64020f3741286a144a21adb38c26c5b7, type: 3}
      propertyPath: m_LocalRotation.z
      value: -0
      objectReference: {fileID: 0}
    - target: {fileID: 474464, guid: 64020f3741286a144a21adb38c26c5b7, type: 3}
      propertyPath: m_LocalEulerAnglesHint.x
      value: 0
      objectReference: {fileID: 0}
    - target: {fileID: 474464, guid: 64020f3741286a144a21adb38c26c5b7, type: 3}
      propertyPath: m_LocalEulerAnglesHint.y
      value: 91.936005
      objectReference: {fileID: 0}
    - target: {fileID: 474464, guid: 64020f3741286a144a21adb38c26c5b7, type: 3}
      propertyPath: m_LocalEulerAnglesHint.z
      value: 0
      objectReference: {fileID: 0}
    m_RemovedComponents: []
  m_SourcePrefab: {fileID: 100100000, guid: 64020f3741286a144a21adb38c26c5b7, type: 3}
--- !u!4 &8304602824185363925 stripped
Transform:
  m_CorrespondingSourceObject: {fileID: 474464, guid: 64020f3741286a144a21adb38c26c5b7,
    type: 3}
  m_PrefabInstance: {fileID: 8304602824185020597}
  m_PrefabAsset: {fileID: 0}
--- !u!1001 &8304602824421257609
PrefabInstance:
  m_ObjectHideFlags: 0
  serializedVersion: 2
  m_Modification:
    m_TransformParent: {fileID: 8304602823883148356}
    m_Modifications:
    - target: {fileID: 151750, guid: fce5c18c663f0b44a8dc8b2b46497671, type: 3}
      propertyPath: m_Name
      value: Fence_2H (1)
      objectReference: {fileID: 0}
    - target: {fileID: 424142, guid: fce5c18c663f0b44a8dc8b2b46497671, type: 3}
      propertyPath: m_RootOrder
      value: 6
      objectReference: {fileID: 0}
    - target: {fileID: 424142, guid: fce5c18c663f0b44a8dc8b2b46497671, type: 3}
      propertyPath: m_LocalPosition.x
      value: 7.769989
      objectReference: {fileID: 0}
    - target: {fileID: 424142, guid: fce5c18c663f0b44a8dc8b2b46497671, type: 3}
      propertyPath: m_LocalPosition.y
      value: 0
      objectReference: {fileID: 0}
    - target: {fileID: 424142, guid: fce5c18c663f0b44a8dc8b2b46497671, type: 3}
      propertyPath: m_LocalPosition.z
      value: 0
      objectReference: {fileID: 0}
    - target: {fileID: 424142, guid: fce5c18c663f0b44a8dc8b2b46497671, type: 3}
      propertyPath: m_LocalRotation.w
      value: 1
      objectReference: {fileID: 0}
    - target: {fileID: 424142, guid: fce5c18c663f0b44a8dc8b2b46497671, type: 3}
      propertyPath: m_LocalRotation.x
      value: -0
      objectReference: {fileID: 0}
    - target: {fileID: 424142, guid: fce5c18c663f0b44a8dc8b2b46497671, type: 3}
      propertyPath: m_LocalRotation.y
      value: -0
      objectReference: {fileID: 0}
    - target: {fileID: 424142, guid: fce5c18c663f0b44a8dc8b2b46497671, type: 3}
      propertyPath: m_LocalRotation.z
      value: -0
      objectReference: {fileID: 0}
    - target: {fileID: 424142, guid: fce5c18c663f0b44a8dc8b2b46497671, type: 3}
      propertyPath: m_LocalEulerAnglesHint.x
      value: 0
      objectReference: {fileID: 0}
    - target: {fileID: 424142, guid: fce5c18c663f0b44a8dc8b2b46497671, type: 3}
      propertyPath: m_LocalEulerAnglesHint.y
      value: 0
      objectReference: {fileID: 0}
    - target: {fileID: 424142, guid: fce5c18c663f0b44a8dc8b2b46497671, type: 3}
      propertyPath: m_LocalEulerAnglesHint.z
      value: 0
      objectReference: {fileID: 0}
    m_RemovedComponents: []
  m_SourcePrefab: {fileID: 100100000, guid: fce5c18c663f0b44a8dc8b2b46497671, type: 3}
--- !u!4 &8304602824421132615 stripped
Transform:
  m_CorrespondingSourceObject: {fileID: 424142, guid: fce5c18c663f0b44a8dc8b2b46497671,
    type: 3}
  m_PrefabInstance: {fileID: 8304602824421257609}
  m_PrefabAsset: {fileID: 0}
--- !u!1001 &8304602824519117649
PrefabInstance:
  m_ObjectHideFlags: 0
  serializedVersion: 2
  m_Modification:
    m_TransformParent: {fileID: 8304602823883148356}
    m_Modifications:
    - target: {fileID: 151750, guid: fce5c18c663f0b44a8dc8b2b46497671, type: 3}
      propertyPath: m_Name
      value: Fence_2H (7)
      objectReference: {fileID: 0}
    - target: {fileID: 424142, guid: fce5c18c663f0b44a8dc8b2b46497671, type: 3}
      propertyPath: m_RootOrder
      value: 11
      objectReference: {fileID: 0}
    - target: {fileID: 424142, guid: fce5c18c663f0b44a8dc8b2b46497671, type: 3}
      propertyPath: m_LocalPosition.x
      value: 19.41999
      objectReference: {fileID: 0}
    - target: {fileID: 424142, guid: fce5c18c663f0b44a8dc8b2b46497671, type: 3}
      propertyPath: m_LocalPosition.y
      value: 0
      objectReference: {fileID: 0}
    - target: {fileID: 424142, guid: fce5c18c663f0b44a8dc8b2b46497671, type: 3}
      propertyPath: m_LocalPosition.z
      value: 26.123295
      objectReference: {fileID: 0}
    - target: {fileID: 424142, guid: fce5c18c663f0b44a8dc8b2b46497671, type: 3}
      propertyPath: m_LocalRotation.w
      value: 0.70738107
      objectReference: {fileID: 0}
    - target: {fileID: 424142, guid: fce5c18c663f0b44a8dc8b2b46497671, type: 3}
      propertyPath: m_LocalRotation.x
      value: -0
      objectReference: {fileID: 0}
    - target: {fileID: 424142, guid: fce5c18c663f0b44a8dc8b2b46497671, type: 3}
      propertyPath: m_LocalRotation.y
      value: 0.70683247
      objectReference: {fileID: 0}
    - target: {fileID: 424142, guid: fce5c18c663f0b44a8dc8b2b46497671, type: 3}
      propertyPath: m_LocalRotation.z
      value: -0
      objectReference: {fileID: 0}
    - target: {fileID: 424142, guid: fce5c18c663f0b44a8dc8b2b46497671, type: 3}
      propertyPath: m_LocalEulerAnglesHint.x
      value: 0
      objectReference: {fileID: 0}
    - target: {fileID: 424142, guid: fce5c18c663f0b44a8dc8b2b46497671, type: 3}
      propertyPath: m_LocalEulerAnglesHint.y
      value: 89.956
      objectReference: {fileID: 0}
    - target: {fileID: 424142, guid: fce5c18c663f0b44a8dc8b2b46497671, type: 3}
      propertyPath: m_LocalEulerAnglesHint.z
      value: 0
      objectReference: {fileID: 0}
    m_RemovedComponents: []
  m_SourcePrefab: {fileID: 100100000, guid: fce5c18c663f0b44a8dc8b2b46497671, type: 3}
--- !u!4 &8304602824519226271 stripped
Transform:
  m_CorrespondingSourceObject: {fileID: 424142, guid: fce5c18c663f0b44a8dc8b2b46497671,
    type: 3}
  m_PrefabInstance: {fileID: 8304602824519117649}
  m_PrefabAsset: {fileID: 0}
--- !u!1001 &8304602824680216076
PrefabInstance:
  m_ObjectHideFlags: 0
  serializedVersion: 2
  m_Modification:
    m_TransformParent: {fileID: 8304602823883148356}
    m_Modifications:
    - target: {fileID: 173996, guid: c063ade97e93ab347a5d3b83f7127651, type: 3}
      propertyPath: m_Name
      value: Fence_Gate_2_L
      objectReference: {fileID: 0}
    - target: {fileID: 400434, guid: c063ade97e93ab347a5d3b83f7127651, type: 3}
      propertyPath: m_RootOrder
      value: 1
      objectReference: {fileID: 0}
    - target: {fileID: 400434, guid: c063ade97e93ab347a5d3b83f7127651, type: 3}
      propertyPath: m_LocalPosition.x
      value: 19.634987
      objectReference: {fileID: 0}
    - target: {fileID: 400434, guid: c063ade97e93ab347a5d3b83f7127651, type: 3}
      propertyPath: m_LocalPosition.y
      value: 0.016655922
      objectReference: {fileID: 0}
    - target: {fileID: 400434, guid: c063ade97e93ab347a5d3b83f7127651, type: 3}
      propertyPath: m_LocalPosition.z
      value: 10.816292
      objectReference: {fileID: 0}
    - target: {fileID: 400434, guid: c063ade97e93ab347a5d3b83f7127651, type: 3}
      propertyPath: m_LocalRotation.w
      value: 1
      objectReference: {fileID: 0}
    - target: {fileID: 400434, guid: c063ade97e93ab347a5d3b83f7127651, type: 3}
      propertyPath: m_LocalRotation.x
      value: -0
      objectReference: {fileID: 0}
    - target: {fileID: 400434, guid: c063ade97e93ab347a5d3b83f7127651, type: 3}
      propertyPath: m_LocalRotation.y
      value: -0
      objectReference: {fileID: 0}
    - target: {fileID: 400434, guid: c063ade97e93ab347a5d3b83f7127651, type: 3}
      propertyPath: m_LocalRotation.z
      value: -0
      objectReference: {fileID: 0}
    - target: {fileID: 400434, guid: c063ade97e93ab347a5d3b83f7127651, type: 3}
      propertyPath: m_LocalEulerAnglesHint.x
      value: 0
      objectReference: {fileID: 0}
    - target: {fileID: 400434, guid: c063ade97e93ab347a5d3b83f7127651, type: 3}
      propertyPath: m_LocalEulerAnglesHint.y
      value: 0
      objectReference: {fileID: 0}
    - target: {fileID: 400434, guid: c063ade97e93ab347a5d3b83f7127651, type: 3}
      propertyPath: m_LocalEulerAnglesHint.z
      value: 0
      objectReference: {fileID: 0}
    m_RemovedComponents: []
  m_SourcePrefab: {fileID: 100100000, guid: c063ade97e93ab347a5d3b83f7127651, type: 3}
--- !u!4 &8304602824680081982 stripped
Transform:
  m_CorrespondingSourceObject: {fileID: 400434, guid: c063ade97e93ab347a5d3b83f7127651,
    type: 3}
  m_PrefabInstance: {fileID: 8304602824680216076}
  m_PrefabAsset: {fileID: 0}
--- !u!1001 &8304602824735761038
PrefabInstance:
  m_ObjectHideFlags: 0
  serializedVersion: 2
  m_Modification:
    m_TransformParent: {fileID: 8304602823883148356}
    m_Modifications:
    - target: {fileID: 173996, guid: c063ade97e93ab347a5d3b83f7127651, type: 3}
      propertyPath: m_Name
      value: Fence_Gate_2_L (1)
      objectReference: {fileID: 0}
    - target: {fileID: 400434, guid: c063ade97e93ab347a5d3b83f7127651, type: 3}
      propertyPath: m_RootOrder
      value: 0
      objectReference: {fileID: 0}
    - target: {fileID: 400434, guid: c063ade97e93ab347a5d3b83f7127651, type: 3}
      propertyPath: m_LocalPosition.x
      value: 19.40747
      objectReference: {fileID: 0}
    - target: {fileID: 400434, guid: c063ade97e93ab347a5d3b83f7127651, type: 3}
      propertyPath: m_LocalPosition.y
      value: 0.016655922
      objectReference: {fileID: 0}
    - target: {fileID: 400434, guid: c063ade97e93ab347a5d3b83f7127651, type: 3}
      propertyPath: m_LocalPosition.z
      value: 19.262295
      objectReference: {fileID: 0}
    - target: {fileID: 400434, guid: c063ade97e93ab347a5d3b83f7127651, type: 3}
      propertyPath: m_LocalRotation.w
      value: 1
      objectReference: {fileID: 0}
    - target: {fileID: 400434, guid: c063ade97e93ab347a5d3b83f7127651, type: 3}
      propertyPath: m_LocalRotation.x
      value: -0
      objectReference: {fileID: 0}
    - target: {fileID: 400434, guid: c063ade97e93ab347a5d3b83f7127651, type: 3}
      propertyPath: m_LocalRotation.y
      value: -0
      objectReference: {fileID: 0}
    - target: {fileID: 400434, guid: c063ade97e93ab347a5d3b83f7127651, type: 3}
      propertyPath: m_LocalRotation.z
      value: -0
      objectReference: {fileID: 0}
    - target: {fileID: 400434, guid: c063ade97e93ab347a5d3b83f7127651, type: 3}
      propertyPath: m_LocalEulerAnglesHint.x
      value: 0
      objectReference: {fileID: 0}
    - target: {fileID: 400434, guid: c063ade97e93ab347a5d3b83f7127651, type: 3}
      propertyPath: m_LocalEulerAnglesHint.y
      value: 0
      objectReference: {fileID: 0}
    - target: {fileID: 400434, guid: c063ade97e93ab347a5d3b83f7127651, type: 3}
      propertyPath: m_LocalEulerAnglesHint.z
      value: 0
      objectReference: {fileID: 0}
    m_RemovedComponents: []
  m_SourcePrefab: {fileID: 100100000, guid: c063ade97e93ab347a5d3b83f7127651, type: 3}
--- !u!4 &8304602824735637180 stripped
Transform:
  m_CorrespondingSourceObject: {fileID: 400434, guid: c063ade97e93ab347a5d3b83f7127651,
    type: 3}
  m_PrefabInstance: {fileID: 8304602824735761038}
  m_PrefabAsset: {fileID: 0}
