%YAML 1.1
%TAG !u! tag:unity3d.com,2011:
--- !u!1 &5763578737731123588
GameObject:
  m_ObjectHideFlags: 0
  m_CorrespondingSourceObject: {fileID: 0}
  m_PrefabInstance: {fileID: 0}
  m_PrefabAsset: {fileID: 0}
  serializedVersion: 6
  m_Component:
  - component: {fileID: 855012909141023014}
  m_Layer: 0
  m_Name: Statue 1
  m_TagString: Untagged
  m_Icon: {fileID: 0}
  m_NavMeshLayer: 0
  m_StaticEditorFlags: 0
  m_IsActive: 1
--- !u!4 &855012909141023014
Transform:
  m_ObjectHideFlags: 0
  m_CorrespondingSourceObject: {fileID: 0}
  m_PrefabInstance: {fileID: 0}
  m_PrefabAsset: {fileID: 0}
  m_GameObject: {fileID: 5763578737731123588}
  m_LocalRotation: {x: 0, y: 0, z: 0, w: 1}
  m_LocalPosition: {x: -14.399341, y: 6.272376, z: -68.007545}
  m_LocalScale: {x: 1, y: 1, z: 1}
  m_Children:
  - {fileID: 6748576983582027059}
  - {fileID: 6748576982389413487}
  - {fileID: 6748576982189370738}
  m_Father: {fileID: 0}
  m_RootOrder: 0
  m_LocalEulerAnglesHint: {x: 0, y: 0, z: 0}
--- !u!1001 &6748576982188980210
PrefabInstance:
  m_ObjectHideFlags: 0
  serializedVersion: 2
  m_Modification:
    m_TransformParent: {fileID: 855012909141023014}
    m_Modifications:
    - target: {fileID: 100000, guid: 1d526f20654226d42b3e9c84a09323ae, type: 3}
      propertyPath: m_Name
      value: Statue02_b
      objectReference: {fileID: 0}
    - target: {fileID: 400000, guid: 1d526f20654226d42b3e9c84a09323ae, type: 3}
      propertyPath: m_RootOrder
      value: 2
      objectReference: {fileID: 0}
    - target: {fileID: 400000, guid: 1d526f20654226d42b3e9c84a09323ae, type: 3}
      propertyPath: m_LocalScale.x
      value: 2
      objectReference: {fileID: 0}
    - target: {fileID: 400000, guid: 1d526f20654226d42b3e9c84a09323ae, type: 3}
      propertyPath: m_LocalScale.y
      value: 2
      objectReference: {fileID: 0}
    - target: {fileID: 400000, guid: 1d526f20654226d42b3e9c84a09323ae, type: 3}
      propertyPath: m_LocalScale.z
      value: 2
      objectReference: {fileID: 0}
    - target: {fileID: 400000, guid: 1d526f20654226d42b3e9c84a09323ae, type: 3}
      propertyPath: m_LocalPosition.x
      value: -36.59066
      objectReference: {fileID: 0}
    - target: {fileID: 400000, guid: 1d526f20654226d42b3e9c84a09323ae, type: 3}
      propertyPath: m_LocalPosition.y
      value: -6.222376
      objectReference: {fileID: 0}
    - target: {fileID: 400000, guid: 1d526f20654226d42b3e9c84a09323ae, type: 3}
      propertyPath: m_LocalPosition.z
      value: 19.597546
      objectReference: {fileID: 0}
    - target: {fileID: 400000, guid: 1d526f20654226d42b3e9c84a09323ae, type: 3}
      propertyPath: m_LocalRotation.w
      value: -0.00020385905
      objectReference: {fileID: 0}
    - target: {fileID: 400000, guid: 1d526f20654226d42b3e9c84a09323ae, type: 3}
      propertyPath: m_LocalRotation.x
      value: 0.0002038595
      objectReference: {fileID: 0}
    - target: {fileID: 400000, guid: 1d526f20654226d42b3e9c84a09323ae, type: 3}
      propertyPath: m_LocalRotation.y
      value: 0.7071069
      objectReference: {fileID: 0}
    - target: {fileID: 400000, guid: 1d526f20654226d42b3e9c84a09323ae, type: 3}
      propertyPath: m_LocalRotation.z
      value: 0.70710665
      objectReference: {fileID: 0}
    - target: {fileID: 400000, guid: 1d526f20654226d42b3e9c84a09323ae, type: 3}
      propertyPath: m_LocalEulerAnglesHint.x
      value: -89.98
      objectReference: {fileID: 0}
    - target: {fileID: 400000, guid: 1d526f20654226d42b3e9c84a09323ae, type: 3}
      propertyPath: m_LocalEulerAnglesHint.y
      value: 0
      objectReference: {fileID: 0}
    - target: {fileID: 400000, guid: 1d526f20654226d42b3e9c84a09323ae, type: 3}
      propertyPath: m_LocalEulerAnglesHint.z
      value: 180.03299
      objectReference: {fileID: 0}
    m_RemovedComponents: []
  m_SourcePrefab: {fileID: 100100000, guid: 1d526f20654226d42b3e9c84a09323ae, type: 3}
--- !u!4 &6748576982189370738 stripped
Transform:
  m_CorrespondingSourceObject: {fileID: 400000, guid: 1d526f20654226d42b3e9c84a09323ae,
    type: 3}
  m_PrefabInstance: {fileID: 6748576982188980210}
  m_PrefabAsset: {fileID: 0}
--- !u!1001 &6748576982389542127
PrefabInstance:
  m_ObjectHideFlags: 0
  serializedVersion: 2
  m_Modification:
    m_TransformParent: {fileID: 855012909141023014}
    m_Modifications:
    - target: {fileID: 100000, guid: 1d526f20654226d42b3e9c84a09323ae, type: 3}
      propertyPath: m_Name
      value: Statue02_b (2)
      objectReference: {fileID: 0}
    - target: {fileID: 400000, guid: 1d526f20654226d42b3e9c84a09323ae, type: 3}
      propertyPath: m_RootOrder
      value: 1
      objectReference: {fileID: 0}
    - target: {fileID: 400000, guid: 1d526f20654226d42b3e9c84a09323ae, type: 3}
      propertyPath: m_LocalScale.x
      value: 6
      objectReference: {fileID: 0}
    - target: {fileID: 400000, guid: 1d526f20654226d42b3e9c84a09323ae, type: 3}
      propertyPath: m_LocalScale.y
      value: 6
      objectReference: {fileID: 0}
    - target: {fileID: 400000, guid: 1d526f20654226d42b3e9c84a09323ae, type: 3}
      propertyPath: m_LocalScale.z
      value: 6
      objectReference: {fileID: 0}
    - target: {fileID: 400000, guid: 1d526f20654226d42b3e9c84a09323ae, type: 3}
      propertyPath: m_LocalPosition.x
      value: -45.60066
      objectReference: {fileID: 0}
    - target: {fileID: 400000, guid: 1d526f20654226d42b3e9c84a09323ae, type: 3}
      propertyPath: m_LocalPosition.y
      value: -6.272376
      objectReference: {fileID: 0}
    - target: {fileID: 400000, guid: 1d526f20654226d42b3e9c84a09323ae, type: 3}
      propertyPath: m_LocalPosition.z
      value: -28.692451
      objectReference: {fileID: 0}
    - target: {fileID: 400000, guid: 1d526f20654226d42b3e9c84a09323ae, type: 3}
      propertyPath: m_LocalRotation.w
      value: -0.70708495
      objectReference: {fileID: 0}
    - target: {fileID: 400000, guid: 1d526f20654226d42b3e9c84a09323ae, type: 3}
      propertyPath: m_LocalRotation.x
      value: 0.7070851
      objectReference: {fileID: 0}
    - target: {fileID: 400000, guid: 1d526f20654226d42b3e9c84a09323ae, type: 3}
      propertyPath: m_LocalRotation.y
      value: 0.0055508665
      objectReference: {fileID: 0}
    - target: {fileID: 400000, guid: 1d526f20654226d42b3e9c84a09323ae, type: 3}
      propertyPath: m_LocalRotation.z
      value: 0.0055508222
      objectReference: {fileID: 0}
    - target: {fileID: 400000, guid: 1d526f20654226d42b3e9c84a09323ae, type: 3}
      propertyPath: m_LocalEulerAnglesHint.x
      value: -90.00001
      objectReference: {fileID: 0}
    - target: {fileID: 400000, guid: 1d526f20654226d42b3e9c84a09323ae, type: 3}
      propertyPath: m_LocalEulerAnglesHint.y
      value: 0
      objectReference: {fileID: 0}
    - target: {fileID: 400000, guid: 1d526f20654226d42b3e9c84a09323ae, type: 3}
      propertyPath: m_LocalEulerAnglesHint.z
      value: 359.1
      objectReference: {fileID: 0}
    m_RemovedComponents: []
  m_SourcePrefab: {fileID: 100100000, guid: 1d526f20654226d42b3e9c84a09323ae, type: 3}
--- !u!4 &6748576982389413487 stripped
Transform:
  m_CorrespondingSourceObject: {fileID: 400000, guid: 1d526f20654226d42b3e9c84a09323ae,
    type: 3}
  m_PrefabInstance: {fileID: 6748576982389542127}
  m_PrefabAsset: {fileID: 0}
--- !u!1001 &6748576982659035079
PrefabInstance:
  m_ObjectHideFlags: 0
  serializedVersion: 2
  m_Modification:
    m_TransformParent: {fileID: 6748576982189370738}
    m_Modifications:
    - target: {fileID: 1223526616464650, guid: c590b17884b119046bc6412066500b7d, type: 3}
      propertyPath: m_Name
      value: Magic fire pro blue
      objectReference: {fileID: 0}
    - target: {fileID: 4731861580502952, guid: c590b17884b119046bc6412066500b7d, type: 3}
      propertyPath: m_RootOrder
      value: 0
      objectReference: {fileID: 0}
    - target: {fileID: 4731861580502952, guid: c590b17884b119046bc6412066500b7d, type: 3}
      propertyPath: m_LocalScale.x
      value: 0.49999982
      objectReference: {fileID: 0}
    - target: {fileID: 4731861580502952, guid: c590b17884b119046bc6412066500b7d, type: 3}
      propertyPath: m_LocalScale.y
      value: 0.5
      objectReference: {fileID: 0}
    - target: {fileID: 4731861580502952, guid: c590b17884b119046bc6412066500b7d, type: 3}
      propertyPath: m_LocalScale.z
      value: 0.49999994
      objectReference: {fileID: 0}
    - target: {fileID: 4731861580502952, guid: c590b17884b119046bc6412066500b7d, type: 3}
      propertyPath: m_LocalPosition.x
      value: 0.06928404
      objectReference: {fileID: 0}
    - target: {fileID: 4731861580502952, guid: c590b17884b119046bc6412066500b7d, type: 3}
      propertyPath: m_LocalPosition.y
      value: -0.37453973
      objectReference: {fileID: 0}
    - target: {fileID: 4731861580502952, guid: c590b17884b119046bc6412066500b7d, type: 3}
      propertyPath: m_LocalPosition.z
      value: 1.7635
      objectReference: {fileID: 0}
    - target: {fileID: 4731861580502952, guid: c590b17884b119046bc6412066500b7d, type: 3}
      propertyPath: m_LocalRotation.w
      value: -0.00020385905
      objectReference: {fileID: 0}
    - target: {fileID: 4731861580502952, guid: c590b17884b119046bc6412066500b7d, type: 3}
      propertyPath: m_LocalRotation.x
      value: -0.0002038595
      objectReference: {fileID: 0}
    - target: {fileID: 4731861580502952, guid: c590b17884b119046bc6412066500b7d, type: 3}
      propertyPath: m_LocalRotation.y
      value: -0.7071069
      objectReference: {fileID: 0}
    - target: {fileID: 4731861580502952, guid: c590b17884b119046bc6412066500b7d, type: 3}
      propertyPath: m_LocalRotation.z
      value: -0.70710665
      objectReference: {fileID: 0}
    - target: {fileID: 4731861580502952, guid: c590b17884b119046bc6412066500b7d, type: 3}
      propertyPath: m_LocalEulerAnglesHint.x
      value: -90
      objectReference: {fileID: 0}
    - target: {fileID: 4731861580502952, guid: c590b17884b119046bc6412066500b7d, type: 3}
      propertyPath: m_LocalEulerAnglesHint.y
      value: 0
      objectReference: {fileID: 0}
    - target: {fileID: 4731861580502952, guid: c590b17884b119046bc6412066500b7d, type: 3}
      propertyPath: m_LocalEulerAnglesHint.z
      value: 0
      objectReference: {fileID: 0}
    - target: {fileID: 199011672764196750, guid: c590b17884b119046bc6412066500b7d,
        type: 3}
      propertyPath: m_Materials.Array.size
      value: 1
      objectReference: {fileID: 0}
    - target: {fileID: 199205359930986294, guid: c590b17884b119046bc6412066500b7d,
        type: 3}
      propertyPath: m_Materials.Array.size
      value: 1
      objectReference: {fileID: 0}
    - target: {fileID: 199374976460404498, guid: c590b17884b119046bc6412066500b7d,
        type: 3}
      propertyPath: m_Materials.Array.size
      value: 1
      objectReference: {fileID: 0}
    - target: {fileID: 199556183087322092, guid: c590b17884b119046bc6412066500b7d,
        type: 3}
      propertyPath: m_Materials.Array.size
      value: 1
      objectReference: {fileID: 0}
    - target: {fileID: 199822400336675052, guid: c590b17884b119046bc6412066500b7d,
        type: 3}
      propertyPath: m_Materials.Array.size
      value: 1
      objectReference: {fileID: 0}
    m_RemovedComponents: []
  m_SourcePrefab: {fileID: 100100000, guid: c590b17884b119046bc6412066500b7d, type: 3}
--- !u!1001 &6748576983582422963
PrefabInstance:
  m_ObjectHideFlags: 0
  serializedVersion: 2
  m_Modification:
    m_TransformParent: {fileID: 855012909141023014}
    m_Modifications:
    - target: {fileID: 100000, guid: 1d526f20654226d42b3e9c84a09323ae, type: 3}
      propertyPath: m_Name
      value: Statue02_b (1)
      objectReference: {fileID: 0}
    - target: {fileID: 400000, guid: 1d526f20654226d42b3e9c84a09323ae, type: 3}
      propertyPath: m_RootOrder
      value: 0
      objectReference: {fileID: 0}
    - target: {fileID: 400000, guid: 1d526f20654226d42b3e9c84a09323ae, type: 3}
      propertyPath: m_LocalScale.x
      value: 2
      objectReference: {fileID: 0}
    - target: {fileID: 400000, guid: 1d526f20654226d42b3e9c84a09323ae, type: 3}
      propertyPath: m_LocalScale.y
      value: 2
      objectReference: {fileID: 0}
    - target: {fileID: 400000, guid: 1d526f20654226d42b3e9c84a09323ae, type: 3}
      propertyPath: m_LocalScale.z
      value: 2
      objectReference: {fileID: 0}
    - target: {fileID: 400000, guid: 1d526f20654226d42b3e9c84a09323ae, type: 3}
      propertyPath: m_LocalPosition.x
      value: -53.75066
      objectReference: {fileID: 0}
    - target: {fileID: 400000, guid: 1d526f20654226d42b3e9c84a09323ae, type: 3}
      propertyPath: m_LocalPosition.y
      value: -6.222376
      objectReference: {fileID: 0}
    - target: {fileID: 400000, guid: 1d526f20654226d42b3e9c84a09323ae, type: 3}
      propertyPath: m_LocalPosition.z
      value: 19.607544
      objectReference: {fileID: 0}
    - target: {fileID: 400000, guid: 1d526f20654226d42b3e9c84a09323ae, type: 3}
      propertyPath: m_LocalRotation.w
      value: -0.00020385905
      objectReference: {fileID: 0}
    - target: {fileID: 400000, guid: 1d526f20654226d42b3e9c84a09323ae, type: 3}
      propertyPath: m_LocalRotation.x
      value: 0.0002038595
      objectReference: {fileID: 0}
    - target: {fileID: 400000, guid: 1d526f20654226d42b3e9c84a09323ae, type: 3}
      propertyPath: m_LocalRotation.y
      value: 0.7071069
      objectReference: {fileID: 0}
    - target: {fileID: 400000, guid: 1d526f20654226d42b3e9c84a09323ae, type: 3}
      propertyPath: m_LocalRotation.z
      value: 0.70710665
      objectReference: {fileID: 0}
    - target: {fileID: 400000, guid: 1d526f20654226d42b3e9c84a09323ae, type: 3}
      propertyPath: m_LocalEulerAnglesHint.x
      value: -89.98
      objectReference: {fileID: 0}
    - target: {fileID: 400000, guid: 1d526f20654226d42b3e9c84a09323ae, type: 3}
      propertyPath: m_LocalEulerAnglesHint.y
      value: 0
      objectReference: {fileID: 0}
    - target: {fileID: 400000, guid: 1d526f20654226d42b3e9c84a09323ae, type: 3}
      propertyPath: m_LocalEulerAnglesHint.z
      value: 180.03299
      objectReference: {fileID: 0}
    m_RemovedComponents: []
  m_SourcePrefab: {fileID: 100100000, guid: 1d526f20654226d42b3e9c84a09323ae, type: 3}
--- !u!4 &6748576983582027059 stripped
Transform:
  m_CorrespondingSourceObject: {fileID: 400000, guid: 1d526f20654226d42b3e9c84a09323ae,
    type: 3}
  m_PrefabInstance: {fileID: 6748576983582422963}
  m_PrefabAsset: {fileID: 0}
--- !u!1001 &6748576983930812453
PrefabInstance:
  m_ObjectHideFlags: 0
  serializedVersion: 2
  m_Modification:
    m_TransformParent: {fileID: 6748576983582027059}
    m_Modifications:
    - target: {fileID: 1223526616464650, guid: c590b17884b119046bc6412066500b7d, type: 3}
      propertyPath: m_Name
      value: Magic fire pro blue (1)
      objectReference: {fileID: 0}
    - target: {fileID: 4731861580502952, guid: c590b17884b119046bc6412066500b7d, type: 3}
      propertyPath: m_RootOrder
      value: 0
      objectReference: {fileID: 0}
    - target: {fileID: 4731861580502952, guid: c590b17884b119046bc6412066500b7d, type: 3}
      propertyPath: m_LocalScale.x
      value: 0.49999982
      objectReference: {fileID: 0}
    - target: {fileID: 4731861580502952, guid: c590b17884b119046bc6412066500b7d, type: 3}
      propertyPath: m_LocalScale.y
      value: 0.5
      objectReference: {fileID: 0}
    - target: {fileID: 4731861580502952, guid: c590b17884b119046bc6412066500b7d, type: 3}
      propertyPath: m_LocalScale.z
      value: 0.49999994
      objectReference: {fileID: 0}
    - target: {fileID: 4731861580502952, guid: c590b17884b119046bc6412066500b7d, type: 3}
      propertyPath: m_LocalPosition.x
      value: -0.07021851
      objectReference: {fileID: 0}
    - target: {fileID: 4731861580502952, guid: c590b17884b119046bc6412066500b7d, type: 3}
      propertyPath: m_LocalPosition.y
      value: -0.37945843
      objectReference: {fileID: 0}
    - target: {fileID: 4731861580502952, guid: c590b17884b119046bc6412066500b7d, type: 3}
      propertyPath: m_LocalPosition.z
      value: 1.7635
      objectReference: {fileID: 0}
    - target: {fileID: 4731861580502952, guid: c590b17884b119046bc6412066500b7d, type: 3}
      propertyPath: m_LocalRotation.w
      value: -0.00020385905
      objectReference: {fileID: 0}
    - target: {fileID: 4731861580502952, guid: c590b17884b119046bc6412066500b7d, type: 3}
      propertyPath: m_LocalRotation.x
      value: -0.0002038595
      objectReference: {fileID: 0}
    - target: {fileID: 4731861580502952, guid: c590b17884b119046bc6412066500b7d, type: 3}
      propertyPath: m_LocalRotation.y
      value: -0.7071069
      objectReference: {fileID: 0}
    - target: {fileID: 4731861580502952, guid: c590b17884b119046bc6412066500b7d, type: 3}
      propertyPath: m_LocalRotation.z
      value: -0.70710665
      objectReference: {fileID: 0}
    - target: {fileID: 4731861580502952, guid: c590b17884b119046bc6412066500b7d, type: 3}
      propertyPath: m_LocalEulerAnglesHint.x
      value: -90
      objectReference: {fileID: 0}
    - target: {fileID: 4731861580502952, guid: c590b17884b119046bc6412066500b7d, type: 3}
      propertyPath: m_LocalEulerAnglesHint.y
      value: 0
      objectReference: {fileID: 0}
    - target: {fileID: 4731861580502952, guid: c590b17884b119046bc6412066500b7d, type: 3}
      propertyPath: m_LocalEulerAnglesHint.z
      value: 0
      objectReference: {fileID: 0}
    - target: {fileID: 199011672764196750, guid: c590b17884b119046bc6412066500b7d,
        type: 3}
      propertyPath: m_Materials.Array.size
      value: 1
      objectReference: {fileID: 0}
    - target: {fileID: 199205359930986294, guid: c590b17884b119046bc6412066500b7d,
        type: 3}
      propertyPath: m_Materials.Array.size
      value: 1
      objectReference: {fileID: 0}
    - target: {fileID: 199374976460404498, guid: c590b17884b119046bc6412066500b7d,
        type: 3}
      propertyPath: m_Materials.Array.size
      value: 1
      objectReference: {fileID: 0}
    - target: {fileID: 199556183087322092, guid: c590b17884b119046bc6412066500b7d,
        type: 3}
      propertyPath: m_Materials.Array.size
      value: 1
      objectReference: {fileID: 0}
    - target: {fileID: 199822400336675052, guid: c590b17884b119046bc6412066500b7d,
        type: 3}
      propertyPath: m_Materials.Array.size
      value: 1
      objectReference: {fileID: 0}
    m_RemovedComponents: []
  m_SourcePrefab: {fileID: 100100000, guid: c590b17884b119046bc6412066500b7d, type: 3}
--- !u!1001 &6748576984282692518
PrefabInstance:
  m_ObjectHideFlags: 0
  serializedVersion: 2
  m_Modification:
    m_TransformParent: {fileID: 6748576982389413487}
    m_Modifications:
    - target: {fileID: 1032870836932200, guid: 26255240385821a4185c7163c7a7aec6, type: 3}
      propertyPath: m_Name
      value: RotatorPS2
      objectReference: {fileID: 0}
    - target: {fileID: 4249281835466652, guid: 26255240385821a4185c7163c7a7aec6, type: 3}
      propertyPath: m_RootOrder
      value: 0
      objectReference: {fileID: 0}
    - target: {fileID: 4249281835466652, guid: 26255240385821a4185c7163c7a7aec6, type: 3}
      propertyPath: m_LocalScale.x
      value: 0.16666669
      objectReference: {fileID: 0}
    - target: {fileID: 4249281835466652, guid: 26255240385821a4185c7163c7a7aec6, type: 3}
      propertyPath: m_LocalScale.y
      value: 0.16666667
      objectReference: {fileID: 0}
    - target: {fileID: 4249281835466652, guid: 26255240385821a4185c7163c7a7aec6, type: 3}
      propertyPath: m_LocalScale.z
      value: 0.16666664
      objectReference: {fileID: 0}
    - target: {fileID: 4249281835466652, guid: 26255240385821a4185c7163c7a7aec6, type: 3}
      propertyPath: m_LocalPosition.x
      value: -0.09218901
      objectReference: {fileID: 0}
    - target: {fileID: 4249281835466652, guid: 26255240385821a4185c7163c7a7aec6, type: 3}
      propertyPath: m_LocalPosition.y
      value: 0.15023845
      objectReference: {fileID: 0}
    - target: {fileID: 4249281835466652, guid: 26255240385821a4185c7163c7a7aec6, type: 3}
      propertyPath: m_LocalPosition.z
      value: 0.09500008
      objectReference: {fileID: 0}
    - target: {fileID: 4249281835466652, guid: 26255240385821a4185c7163c7a7aec6, type: 3}
      propertyPath: m_LocalRotation.w
      value: -0.70708495
      objectReference: {fileID: 0}
    - target: {fileID: 4249281835466652, guid: 26255240385821a4185c7163c7a7aec6, type: 3}
      propertyPath: m_LocalRotation.x
      value: -0.7070851
      objectReference: {fileID: 0}
    - target: {fileID: 4249281835466652, guid: 26255240385821a4185c7163c7a7aec6, type: 3}
      propertyPath: m_LocalRotation.y
      value: -0.0055508665
      objectReference: {fileID: 0}
    - target: {fileID: 4249281835466652, guid: 26255240385821a4185c7163c7a7aec6, type: 3}
      propertyPath: m_LocalRotation.z
      value: -0.0055508222
      objectReference: {fileID: 0}
    - target: {fileID: 4249281835466652, guid: 26255240385821a4185c7163c7a7aec6, type: 3}
      propertyPath: m_LocalEulerAnglesHint.x
      value: 0
      objectReference: {fileID: 0}
    - target: {fileID: 4249281835466652, guid: 26255240385821a4185c7163c7a7aec6, type: 3}
      propertyPath: m_LocalEulerAnglesHint.y
      value: 0
      objectReference: {fileID: 0}
    - target: {fileID: 4249281835466652, guid: 26255240385821a4185c7163c7a7aec6, type: 3}
      propertyPath: m_LocalEulerAnglesHint.z
      value: 0
      objectReference: {fileID: 0}
    - target: {fileID: 198244867493846480, guid: 26255240385821a4185c7163c7a7aec6,
        type: 3}
      propertyPath: looping
      value: 0
      objectReference: {fileID: 0}
    - target: {fileID: 199037593882221120, guid: 26255240385821a4185c7163c7a7aec6,
        type: 3}
      propertyPath: m_Materials.Array.size
      value: 1
      objectReference: {fileID: 0}
    - target: {fileID: 199045958711548386, guid: 26255240385821a4185c7163c7a7aec6,
        type: 3}
      propertyPath: m_Materials.Array.size
      value: 1
      objectReference: {fileID: 0}
    - target: {fileID: 199081656834038616, guid: 26255240385821a4185c7163c7a7aec6,
        type: 3}
      propertyPath: m_Materials.Array.size
      value: 1
      objectReference: {fileID: 0}
    - target: {fileID: 199085752862407120, guid: 26255240385821a4185c7163c7a7aec6,
        type: 3}
      propertyPath: m_Materials.Array.size
      value: 1
      objectReference: {fileID: 0}
    - target: {fileID: 199108390652489316, guid: 26255240385821a4185c7163c7a7aec6,
        type: 3}
      propertyPath: m_Materials.Array.size
      value: 1
      objectReference: {fileID: 0}
    - target: {fileID: 199121553210676996, guid: 26255240385821a4185c7163c7a7aec6,
        type: 3}
      propertyPath: m_Materials.Array.size
      value: 1
      objectReference: {fileID: 0}
    - target: {fileID: 199122790892493742, guid: 26255240385821a4185c7163c7a7aec6,
        type: 3}
      propertyPath: m_Materials.Array.size
      value: 1
      objectReference: {fileID: 0}
    - target: {fileID: 199195866225411738, guid: 26255240385821a4185c7163c7a7aec6,
        type: 3}
      propertyPath: m_Materials.Array.size
      value: 1
      objectReference: {fileID: 0}
    - target: {fileID: 199297873825449636, guid: 26255240385821a4185c7163c7a7aec6,
        type: 3}
      propertyPath: m_Materials.Array.size
      value: 1
      objectReference: {fileID: 0}
    - target: {fileID: 199364383545167896, guid: 26255240385821a4185c7163c7a7aec6,
        type: 3}
      propertyPath: m_Materials.Array.size
      value: 1
      objectReference: {fileID: 0}
    - target: {fileID: 199394657454991570, guid: 26255240385821a4185c7163c7a7aec6,
        type: 3}
      propertyPath: m_Materials.Array.size
      value: 1
      objectReference: {fileID: 0}
    - target: {fileID: 199424876654572788, guid: 26255240385821a4185c7163c7a7aec6,
        type: 3}
      propertyPath: m_Materials.Array.size
      value: 1
      objectReference: {fileID: 0}
    - target: {fileID: 199436603190548780, guid: 26255240385821a4185c7163c7a7aec6,
        type: 3}
      propertyPath: m_Materials.Array.size
      value: 1
      objectReference: {fileID: 0}
    - target: {fileID: 199442095521920402, guid: 26255240385821a4185c7163c7a7aec6,
        type: 3}
      propertyPath: m_Materials.Array.size
      value: 1
      objectReference: {fileID: 0}
    - target: {fileID: 199466479753069404, guid: 26255240385821a4185c7163c7a7aec6,
        type: 3}
      propertyPath: m_Materials.Array.size
      value: 1
      objectReference: {fileID: 0}
    - target: {fileID: 199491421653948378, guid: 26255240385821a4185c7163c7a7aec6,
        type: 3}
      propertyPath: m_Materials.Array.size
      value: 1
      objectReference: {fileID: 0}
    - target: {fileID: 199562670102641344, guid: 26255240385821a4185c7163c7a7aec6,
        type: 3}
      propertyPath: m_Materials.Array.size
      value: 1
      objectReference: {fileID: 0}
    - target: {fileID: 199683885288727014, guid: 26255240385821a4185c7163c7a7aec6,
        type: 3}
      propertyPath: m_Materials.Array.size
      value: 1
      objectReference: {fileID: 0}
    - target: {fileID: 199702884021709888, guid: 26255240385821a4185c7163c7a7aec6,
        type: 3}
      propertyPath: m_Materials.Array.size
      value: 1
      objectReference: {fileID: 0}
    - target: {fileID: 199711150313353170, guid: 26255240385821a4185c7163c7a7aec6,
        type: 3}
      propertyPath: m_Materials.Array.size
      value: 1
      objectReference: {fileID: 0}
    - target: {fileID: 199781853875421952, guid: 26255240385821a4185c7163c7a7aec6,
        type: 3}
      propertyPath: m_Materials.Array.size
      value: 1
      objectReference: {fileID: 0}
    - target: {fileID: 199799829088769108, guid: 26255240385821a4185c7163c7a7aec6,
        type: 3}
      propertyPath: m_Materials.Array.size
      value: 1
      objectReference: {fileID: 0}
    - target: {fileID: 199832136907749292, guid: 26255240385821a4185c7163c7a7aec6,
        type: 3}
      propertyPath: m_Materials.Array.size
      value: 1
      objectReference: {fileID: 0}
    - target: {fileID: 199846663777368450, guid: 26255240385821a4185c7163c7a7aec6,
        type: 3}
      propertyPath: m_Materials.Array.size
      value: 1
      objectReference: {fileID: 0}
    - target: {fileID: 199852283007736882, guid: 26255240385821a4185c7163c7a7aec6,
        type: 3}
      propertyPath: m_Materials.Array.size
      value: 1
      objectReference: {fileID: 0}
    - target: {fileID: 199880243591359060, guid: 26255240385821a4185c7163c7a7aec6,
        type: 3}
      propertyPath: m_Materials.Array.size
      value: 1
      objectReference: {fileID: 0}
    - target: {fileID: 199969882222409068, guid: 26255240385821a4185c7163c7a7aec6,
        type: 3}
      propertyPath: m_Materials.Array.size
      value: 1
      objectReference: {fileID: 0}
    - target: {fileID: 199991055844935344, guid: 26255240385821a4185c7163c7a7aec6,
        type: 3}
      propertyPath: m_Materials.Array.size
      value: 1
      objectReference: {fileID: 0}
    m_RemovedComponents: []
  m_SourcePrefab: {fileID: 100100000, guid: 26255240385821a4185c7163c7a7aec6, type: 3}
